%%%%%%%%%%%%%%%%%A




%%%%%%%%%%%%%%%%%B
@ARTICLE{Behroozi:13,
   author = {{Behroozi}, P.~S. and {Wechsler}, R.~H. and {Wu}, H.-Y.},
    title = "{The ROCKSTAR Phase-space Temporal Halo Finder and the Velocity Offsets of Cluster Cores}",
  journal = {\apj},
archivePrefix = "arXiv",
   eprint = {1110.4372},
 primaryClass = "astro-ph.CO",
 keywords = {dark matter, methods: numerical},
     year = 2013,
    month = jan,
   volume = 762,
      eid = {109},
    pages = {109},
      doi = {10.1088/0004-637X/762/2/109},
   adsurl = {http://adsabs.harvard.edu/abs/2013ApJ...762..109B},
  adsnote = {Provided by the SAO/NASA Astrophysics Data System}
}



@ARTICLE{Bonnett:16,
   author = {{Bonnett}, C. and {Troxel}, M.~A. and {Hartley}, W. and {Amara}, A. and 
	{Leistedt}, B. and {Becker}, M.~R. and {Bernstein}, G.~M. and 
	{Bridle}, S.~L. and {Bruderer}, C. and {Busha}, M.~T. and {Carrasco Kind}, M. and 
	{Childress}, M.~J. and {Castander}, F.~J. and {Chang}, C. and 
	{Crocce}, M. and {Davis}, T.~M. and {Eifler}, T.~F. and {Frieman}, J. and 
	{Gangkofner}, C. and {Gaztanaga}, E. and {Glazebrook}, K. and 
	{Gruen}, D. and {Kacprzak}, T. and {King}, A. and {Kwan}, J. and 
	{Lahav}, O. and {Lewis}, G. and {Lidman}, C. and {Lin}, H. and 
	{MacCrann}, N. and {Miquel}, R. and {O'Neill}, C.~R. and {Palmese}, A. and 
	{Peiris}, H.~V. and {Refregier}, A. and {Rozo}, E. and {Rykoff}, E.~S. and 
	{Sadeh}, I. and {S{\'a}nchez}, C. and {Sheldon}, E. and {Uddin}, S. and 
	{Wechsler}, R.~H. and {Zuntz}, J. and {Abbott}, T. and {Abdalla}, F.~B. and 
	{Allam}, S. and {Armstrong}, R. and {Banerji}, M. and {Bauer}, A.~H. and 
	{Benoit-L{\'e}vy}, A. and {Bertin}, E. and {Brooks}, D. and 
	{Buckley-Geer}, E. and {Burke}, D.~L. and {Capozzi}, D. and 
	{Carnero Rosell}, A. and {Carretero}, J. and {Cunha}, C.~E. and 
	{D'Andrea}, C.~B. and {da Costa}, L.~N. and {DePoy}, D.~L. and 
	{Desai}, S. and {Diehl}, H.~T. and {Dietrich}, J.~P. and {Doel}, P. and 
	{Fausti Neto}, A. and {Fernandez}, E. and {Flaugher}, B. and 
	{Fosalba}, P. and {Gerdes}, D.~W. and {Gruendl}, R.~A. and {Honscheid}, K. and 
	{Jain}, B. and {James}, D.~J. and {Jarvis}, M. and {Kim}, A.~G. and 
	{Kuehn}, K. and {Kuropatkin}, N. and {Li}, T.~S. and {Lima}, M. and 
	{Maia}, M.~A.~G. and {March}, M. and {Marshall}, J.~L. and {Martini}, P. and 
	{Melchior}, P. and {Miller}, C.~J. and {Neilsen}, E. and {Nichol}, R.~C. and 
	{Nord}, B. and {Ogando}, R. and {Plazas}, A.~A. and {Reil}, K. and 
	{Romer}, A.~K. and {Roodman}, A. and {Sako}, M. and {Sanchez}, E. and 
	{Santiago}, B. and {Smith}, R.~C. and {Soares-Santos}, M. and 
	{Sobreira}, F. and {Suchyta}, E. and {Swanson}, M.~E.~C. and 
	{Tarle}, G. and {Thaler}, J. and {Thomas}, D. and {Vikram}, V. and 
	{Walker}, A.~R. and {Dark Energy Survey Collaboration}},
    title = "{Redshift distributions of galaxies in the Dark Energy Survey Science Verification shear catalogue and implications for weak lensing}",
  journal = {\prd},
archivePrefix = "arXiv",
   eprint = {1507.05909},
     year = 2016,
    month = aug,
   volume = 94,
   number = 4,
      eid = {042005},
    pages = {042005},
      doi = {10.1103/PhysRevD.94.042005},
   adsurl = {http://adsabs.harvard.edu/abs/2016PhRvD..94d2005B},
  adsnote = {Provided by the SAO/NASA Astrophysics Data System}
}




%%%%%%%%%%%%%%%%%C




%%%%%%%%%%%%%%%%%D




%%%%%%%%%%%%%%%%%E




%%%%%%%%%%%%%%%%%F




%%%%%%%%%%%%%%%%%G




%%%%%%%%%%%%%%%%%H
@ARTICLE{Hildebrandt:10,
   author = {{Hildebrandt}, H. and {Arnouts}, S. and {Capak}, P. and {Moustakas}, L.~A. and 
	{Wolf}, C. and {Abdalla}, F.~B. and {Assef}, R.~J. and {Banerji}, M. and 
	{Ben{\'{\i}}tez}, N. and {Brammer}, G.~B. and {Budav{\'a}ri}, T. and 
	{Carliles}, S. and {Coe}, D. and {Dahlen}, T. and {Feldmann}, R. and 
	{Gerdes}, D. and {Gillis}, B. and {Ilbert}, O. and {Kotulla}, R. and 
	{Lahav}, O. and {Li}, I.~H. and {Miralles}, J.-M. and {Purger}, N. and 
	{Schmidt}, S. and {Singal}, J.},
    title = "{PHAT: PHoto-z Accuracy Testing}",
  journal = {\aap},
archivePrefix = "arXiv",
   eprint = {1008.0658},
 keywords = {techniques: photometric, galaxies: distances and redshifts, galaxies: photometry, cosmology: observations, methods: data analysis},
     year = 2010,
    month = nov,
   volume = 523,
      eid = {A31},
    pages = {A31},
      doi = {10.1051/0004-6361/201014885},
   adsurl = {http://adsabs.harvard.edu/abs/2010A%26A...523A..31H},
  adsnote = {Provided by the SAO/NASA Astrophysics Data System}
}





%%%%%%%%%%%%%%%%%I
@ARTICLE{Ivezic:08,
   author = {{Ivezic}, Z. and {Tyson}, J.~A. and {Abel}, B. and {Acosta}, E. and 
	{Allsman}, R. and {AlSayyad}, Y. and {Anderson}, S.~F. and {Andrew}, J. and 
	{Angel}, R. and {Angeli}, G. and {Ansari}, R. and {Antilogus}, P. and 
	{Arndt}, K.~T. and {Astier}, P. and {Aubourg}, E. and {Axelrod}, T. and 
	{Bard}, D.~J. and {Barr}, J.~D. and {Barrau}, A. and {Bartlett}, J.~G. and 
	{Bauman}, B.~J. and {Beaumont}, S. and {Becker}, A.~C. and {Becla}, J. and 
	{Beldica}, C. and {Bellavia}, S. and {Blanc}, G. and {Blandford}, R.~D. and 
	{Bloom}, J.~S. and {Bogart}, J. and {Borne}, K. and {Bosch}, J.~F. and 
	{Boutigny}, D. and {Brandt}, W.~N. and {Brown}, M.~E. and {Bullock}, J.~S. and 
	{Burchat}, P. and {Burke}, D.~L. and {Cagnoli}, G. and {Calabrese}, D. and 
	{Chandrasekharan}, S. and {Chesley}, S. and {Cheu}, E.~C. and 
	{Chiang}, J. and {Claver}, C.~F. and {Connolly}, A.~J. and {Cook}, K.~H. and 
	{Cooray}, A. and {Covey}, K.~R. and {Cribbs}, C. and {Cui}, W. and 
	{Cutri}, R. and {Daubard}, G. and {Daues}, G. and {Delgado}, F. and 
	{Digel}, S. and {Doherty}, P. and {Dubois}, R. and {Dubois-Felsmann}, G.~P. and 
	{Durech}, J. and {Eracleous}, M. and {Ferguson}, H. and {Frank}, J. and 
	{Freemon}, M. and {Gangler}, E. and {Gawiser}, E. and {Geary}, J.~C. and 
	{Gee}, P. and {Geha}, M. and {Gibson}, R.~R. and {Gilmore}, D.~K. and 
	{Glanzman}, T. and {Goodenow}, I. and {Gressler}, W.~J. and 
	{Gris}, P. and {Guyonnet}, A. and {Hascall}, P.~A. and {Haupt}, J. and 
	{Hernandez}, F. and {Hogan}, C. and {Huang}, D. and {Huffer}, M.~E. and 
	{Innes}, W.~R. and {Jacoby}, S.~H. and {Jain}, B. and {Jee}, J. and 
	{Jernigan}, J.~G. and {Jevremovic}, D. and {Johns}, K. and {Jones}, R.~L. and 
	{Juramy-Gilles}, C. and {Juric}, M. and {Kahn}, S.~M. and {Kalirai}, J.~S. and 
	{Kallivayalil}, N. and {Kalmbach}, B. and {Kantor}, J.~P. and 
	{Kasliwal}, M.~M. and {Kessler}, R. and {Kirkby}, D. and {Knox}, L. and 
	{Kotov}, I. and {Krabbendam}, V.~L. and {Krughoff}, S. and {Kubanek}, P. and 
	{Kuczewski}, J. and {Kulkarni}, S. and {Lambert}, R. and {Le Guillou}, L. and 
	{Levine}, D. and {Liang}, M. and {Lim}, K. and {Lintott}, C. and 
	{Lupton}, R.~H. and {Mahabal}, A. and {Marshall}, P. and {Marshall}, S. and 
	{May}, M. and {McKercher}, R. and {Migliore}, M. and {Miller}, M. and 
	{Mills}, D.~J. and {Monet}, D.~G. and {Moniez}, M. and {Neill}, D.~R. and 
	{Nief}, J. and {Nomerotski}, A. and {Nordby}, M. and {O'Connor}, P. and 
	{Oliver}, J. and {Olivier}, S.~S. and {Olsen}, K. and {Ortiz}, S. and 
	{Owen}, R.~E. and {Pain}, R. and {Peterson}, J.~R. and {Petry}, C.~E. and 
	{Pierfederici}, F. and {Pietrowicz}, S. and {Pike}, R. and {Pinto}, P.~A. and 
	{Plante}, R. and {Plate}, S. and {Price}, P.~A. and {Prouza}, M. and 
	{Radeka}, V. and {Rajagopal}, J. and {Rasmussen}, A. and {Regnault}, N. and 
	{Ridgway}, S.~T. and {Ritz}, S. and {Rosing}, W. and {Roucelle}, C. and 
	{Rumore}, M.~R. and {Russo}, S. and {Saha}, A. and {Sassolas}, B. and 
	{Schalk}, T.~L. and {Schindler}, R.~H. and {Schneider}, D.~P. and 
	{Schumacher}, G. and {Sebag}, J. and {Sembroski}, G.~H. and 
	{Seppala}, L.~G. and {Shipsey}, I. and {Silvestri}, N. and {Smith}, J.~A. and 
	{Smith}, R.~C. and {Strauss}, M.~A. and {Stubbs}, C.~W. and 
	{Sweeney}, D. and {Szalay}, A. and {Takacs}, P. and {Thaler}, J.~J. and 
	{Van Berg}, R. and {Vanden Berk}, D. and {Vetter}, K. and {Virieux}, F. and 
	{Xin}, B. and {Walkowicz}, L. and {Walter}, C.~W. and {Wang}, D.~L. and 
	{Warner}, M. and {Willman}, B. and {Wittman}, D. and {Wolff}, S.~C. and 
	{Wood-Vasey}, W.~M. and {Yoachim}, P. and {Zhan}, H. and {for the LSST Collaboration}
	},
    title = "{LSST: from Science Drivers to Reference Design and Anticipated Data Products}",
  journal = {ArXiv e-prints},
archivePrefix = "arXiv",
   eprint = {0805.2366},
 keywords = {Astrophysics},
     year = 2008,
    month = may,
   adsurl = {http://adsabs.harvard.edu/abs/2008arXiv0805.2366I},
  adsnote = {Provided by the SAO/NASA Astrophysics Data System}
}




%%%%%%%%%%%%%%%%%J




%%%%%%%%%%%%%%%%%K




%%%%%%%%%%%%%%%%%L




%%%%%%%%%%%%%%%%%M




%%%%%%%%%%%%%%%%%N




%%%%%%%%%%%%%%%%%O




%%%%%%%%%%%%%%%%%P




%%%%%%%%%%%%%%%%%Q




%%%%%%%%%%%%%%%%%R
@ARTICLE{Reddick:13,
   author = {{Reddick}, R.~M. and {Wechsler}, R.~H. and {Tinker}, J.~L. and 
	{Behroozi}, P.~S.},
    title = "{The Connection between Galaxies and Dark Matter Structures in the Local Universe}",
  journal = {\apj},
archivePrefix = "arXiv",
   eprint = {1207.2160},
 primaryClass = "astro-ph.CO",
 keywords = {dark matter, galaxies: formation, galaxies: groups: general, galaxies: halos, large-scale structure of universe, methods: statistical },
     year = 2013,
    month = jul,
   volume = 771,
      eid = {30},
    pages = {30},
      doi = {10.1088/0004-637X/771/1/30},
   adsurl = {http://adsabs.harvard.edu/abs/2013ApJ...771...30R},
  adsnote = {Provided by the SAO/NASA Astrophysics Data System}
}





%%%%%%%%%%%%%%%%%S
@ARTICLE{Sanchez:14,
   author = {{S{\'a}nchez}, C. and {Carrasco Kind}, M. and {Lin}, H. and 
	{Miquel}, R. and {Abdalla}, F.~B. and {Amara}, A. and {Banerji}, M. and 
	{Bonnett}, C. and {Brunner}, R. and {Capozzi}, D. and {Carnero}, A. and 
	{Castander}, F.~J. and {da Costa}, L.~A.~N. and {Cunha}, C. and 
	{Fausti}, A. and {Gerdes}, D. and {Greisel}, N. and {Gschwend}, J. and 
	{Hartley}, W. and {Jouvel}, S. and {Lahav}, O. and {Lima}, M. and 
	{Maia}, M.~A.~G. and {Mart{\'{\i}}}, P. and {Ogando}, R.~L.~C. and 
	{Ostrovski}, F. and {Pellegrini}, P. and {Rau}, M.~M. and {Sadeh}, I. and 
	{Seitz}, S. and {Sevilla-Noarbe}, I. and {Sypniewski}, A. and 
	{de Vicente}, J. and {Abbot}, T. and {Allam}, S.~S. and {Atlee}, D. and 
	{Bernstein}, G. and {Bernstein}, J.~P. and {Buckley-Geer}, E. and 
	{Burke}, D. and {Childress}, M.~J. and {Davis}, T. and {DePoy}, D.~L. and 
	{Dey}, A. and {Desai}, S. and {Diehl}, H.~T. and {Doel}, P. and 
	{Estrada}, J. and {Evrard}, A. and {Fern{\'a}ndez}, E. and {Finley}, D. and 
	{Flaugher}, B. and {Frieman}, J. and {Gaztanaga}, E. and {Glazebrook}, K. and 
	{Honscheid}, K. and {Kim}, A. and {Kuehn}, K. and {Kuropatkin}, N. and 
	{Lidman}, C. and {Makler}, M. and {Marshall}, J.~L. and {Nichol}, R.~C. and 
	{Roodman}, A. and {S{\'a}nchez}, E. and {Santiago}, B.~X. and 
	{Sako}, M. and {Scalzo}, R. and {Smith}, R.~C. and {Swanson}, M.~E.~C. and 
	{Tarle}, G. and {Thomas}, D. and {Tucker}, D.~L. and {Uddin}, S.~A. and 
	{Vald{\'e}s}, F. and {Walker}, A. and {Yuan}, F. and {Zuntz}, J.
	},
    title = "{Photometric redshift analysis in the Dark Energy Survey Science Verification data}",
  journal = {\mnras},
archivePrefix = "arXiv",
   eprint = {1406.4407},
 primaryClass = "astro-ph.IM",
 keywords = {Astronomical data bases: surveys, galaxies: distances and redshifts, galaxies: statistics, large-scale structure of Universe},
     year = 2014,
    month = dec,
   volume = 445,
    pages = {1482-1506},
      doi = {10.1093/mnras/stu1836},
   adsurl = {http://adsabs.harvard.edu/abs/2014MNRAS.445.1482S},
  adsnote = {Provided by the SAO/NASA Astrophysics Data System}
}





%%%%%%%%%%%%%%%%%T




%%%%%%%%%%%%%%%%%U




%%%%%%%%%%%%%%%%%V




%%%%%%%%%%%%%%%%%W




%%%%%%%%%%%%%%%%%X




%%%%%%%%%%%%%%%%%Y




%%%%%%%%%%%%%%%%%Z




