%%%%%%%%%%%%%%%%%A
@ARTICLE{Aihara:2018a,
   author = {{Aihara}, H. and {Arimoto}, N. and {Armstrong}, R. and {Arnouts}, S. and 
	{Bahcall}, N.~A. and {Bickerton}, S. and {Bosch}, J. and {Bundy}, K. and 
	{Capak}, P.~L. and {Chan}, J.~H.~H. and {Chiba}, M. and {Coupon}, J. and 
	{Egami}, E. and {Enoki}, M. and {Finet}, F. and {Fujimori}, H. and 
	{Fujimoto}, S. and {Furusawa}, H. and {Furusawa}, J. and {Goto}, T. and 
	{Goulding}, A. and {Greco}, J.~P. and {Greene}, J.~E. and {Gunn}, J.~E. and 
	{Hamana}, T. and {Harikane}, Y. and {Hashimoto}, Y. and {Hattori}, T. and 
	{Hayashi}, M. and {Hayashi}, Y. and {He{\l}miniak}, K.~G. and 
	{Higuchi}, R. and {Hikage}, C. and {Ho}, P.~T.~P. and {Hsieh}, B.-C. and 
	{Huang}, K. and {Huang}, S. and {Ikeda}, H. and {Imanishi}, M. and 
	{Inoue}, A.~K. and {Iwasawa}, K. and {Iwata}, I. and {Jaelani}, A.~T. and 
	{Jian}, H.-Y. and {Kamata}, Y. and {Karoji}, H. and {Kashikawa}, N. and 
	{Katayama}, N. and {Kawanomoto}, S. and {Kayo}, I. and {Koda}, J. and 
	{Koike}, M. and {Kojima}, T. and {Komiyama}, Y. and {Konno}, A. and 
	{Koshida}, S. and {Koyama}, Y. and {Kusakabe}, H. and {Leauthaud}, A. and 
	{Lee}, C.-H. and {Lin}, L. and {Lin}, Y.-T. and {Lupton}, R.~H. and 
	{Mandelbaum}, R. and {Matsuoka}, Y. and {Medezinski}, E. and 
	{Mineo}, S. and {Miyama}, S. and {Miyatake}, H. and {Miyazaki}, S. and 
	{Momose}, R. and {More}, A. and {More}, S. and {Moritani}, Y. and 
	{Moriya}, T.~J. and {Morokuma}, T. and {Mukae}, S. and {Murata}, R. and 
	{Murayama}, H. and {Nagao}, T. and {Nakata}, F. and {Niida}, M. and 
	{Niikura}, H. and {Nishizawa}, A.~J. and {Obuchi}, Y. and {Oguri}, M. and 
	{Oishi}, Y. and {Okabe}, N. and {Okamoto}, S. and {Okura}, Y. and 
	{Ono}, Y. and {Onodera}, M. and {Onoue}, M. and {Osato}, K. and 
	{Ouchi}, M. and {Price}, P.~A. and {Pyo}, T.-S. and {Sako}, M. and 
	{Sawicki}, M. and {Shibuya}, T. and {Shimasaku}, K. and {Shimono}, A. and 
	{Shirasaki}, M. and {Silverman}, J.~D. and {Simet}, M. and {Speagle}, J. and 
	{Spergel}, D.~N. and {Strauss}, M.~A. and {Sugahara}, Y. and 
	{Sugiyama}, N. and {Suto}, Y. and {Suyu}, S.~H. and {Suzuki}, N. and 
	{Tait}, P.~J. and {Takada}, M. and {Takata}, T. and {Tamura}, N. and 
	{Tanaka}, M.~M. and {Tanaka}, M. and {Tanaka}, M. and {Tanaka}, Y. and 
	{Terai}, T. and {Terashima}, Y. and {Toba}, Y. and {Tominaga}, N. and 
	{Toshikawa}, J. and {Turner}, E.~L. and {Uchida}, T. and {Uchiyama}, H. and 
	{Umetsu}, K. and {Uraguchi}, F. and {Urata}, Y. and {Usuda}, T. and 
	{Utsumi}, Y. and {Wang}, S.-Y. and {Wang}, W.-H. and {Wong}, K.~C. and 
	{Yabe}, K. and {Yamada}, Y. and {Yamanoi}, H. and {Yasuda}, N. and 
	{Yeh}, S. and {Yonehara}, A. and {Yuma}, S.},
    title = "{The Hyper Suprime-Cam SSP Survey: Overview and survey design}",
  journal = {\pasj},
archivePrefix = "arXiv",
   eprint = {1704.05858},
 primaryClass = "astro-ph.IM",
 keywords = {cosmology: observations, galaxies: general, large-scale structure of universe, surveys},
     year = 2018,
    month = jan,
   volume = 70,
      eid = {S4},
    pages = {S4},
      doi = {10.1093/pasj/psx066},
   adsurl = {http://adsabs.harvard.edu/abs/2018PASJ...70S...4A},
  adsnote = {Provided by the SAO/NASA Astrophysics Data System}
}

@ARTICLE{Aihara:2018b,
   author = {{Aihara}, H. and {Armstrong}, R. and {Bickerton}, S. and {Bosch}, J. and 
	{Coupon}, J. and {Furusawa}, H. and {Hayashi}, Y. and {Ikeda}, H. and 
	{Kamata}, Y. and {Karoji}, H. and {Kawanomoto}, S. and {Koike}, M. and 
	{Komiyama}, Y. and {Lang}, D. and {Lupton}, R.~H. and {Mineo}, S. and 
	{Miyatake}, H. and {Miyazaki}, S. and {Morokuma}, T. and {Obuchi}, Y. and 
	{Oishi}, Y. and {Okura}, Y. and {Price}, P.~A. and {Takata}, T. and 
	{Tanaka}, M.~M. and {Tanaka}, M. and {Tanaka}, Y. and {Uchida}, T. and 
	{Uraguchi}, F. and {Utsumi}, Y. and {Wang}, S.-Y. and {Yamada}, Y. and 
	{Yamanoi}, H. and {Yasuda}, N. and {Arimoto}, N. and {Chiba}, M. and 
	{Finet}, F. and {Fujimori}, H. and {Fujimoto}, S. and {Furusawa}, J. and 
	{Goto}, T. and {Goulding}, A. and {Gunn}, J.~E. and {Harikane}, Y. and 
	{Hattori}, T. and {Hayashi}, M. and {He{\l}miniak}, K.~G. and 
	{Higuchi}, R. and {Hikage}, C. and {Ho}, P.~T.~P. and {Hsieh}, B.-C. and 
	{Huang}, K. and {Huang}, S. and {Imanishi}, M. and {Iwata}, I. and 
	{Jaelani}, A.~T. and {Jian}, H.-Y. and {Kashikawa}, N. and {Katayama}, N. and 
	{Kojima}, T. and {Konno}, A. and {Koshida}, S. and {Kusakabe}, H. and 
	{Leauthaud}, A. and {Lee}, C.-H. and {Lin}, L. and {Lin}, Y.-T. and 
	{Mandelbaum}, R. and {Matsuoka}, Y. and {Medezinski}, E. and 
	{Miyama}, S. and {Momose}, R. and {More}, A. and {More}, S. and 
	{Mukae}, S. and {Murata}, R. and {Murayama}, H. and {Nagao}, T. and 
	{Nakata}, F. and {Niida}, M. and {Niikura}, H. and {Nishizawa}, A.~J. and 
	{Oguri}, M. and {Okabe}, N. and {Ono}, Y. and {Onodera}, M. and 
	{Onoue}, M. and {Ouchi}, M. and {Pyo}, T.-S. and {Shibuya}, T. and 
	{Shimasaku}, K. and {Simet}, M. and {Speagle}, J. and {Spergel}, D.~N. and 
	{Strauss}, M.~A. and {Sugahara}, Y. and {Sugiyama}, N. and {Suto}, Y. and 
	{Suzuki}, N. and {Tait}, P.~J. and {Takada}, M. and {Terai}, T. and 
	{Toba}, Y. and {Turner}, E.~L. and {Uchiyama}, H. and {Umetsu}, K. and 
	{Urata}, Y. and {Usuda}, T. and {Yeh}, S. and {Yuma}, S.},
    title = "{First data release of the Hyper Suprime-Cam Subaru Strategic Program}",
  journal = {\pasj},
archivePrefix = "arXiv",
   eprint = {1702.08449},
 primaryClass = "astro-ph.IM",
 keywords = {astronomical databases, cosmology: observations, galaxies: general, surveys},
     year = 2018,
    month = jan,
   volume = 70,
      eid = {S8},
    pages = {S8},
      doi = {10.1093/pasj/psx081},
   adsurl = {http://adsabs.harvard.edu/abs/2018PASJ...70S...8A},
  adsnote = {Provided by the SAO/NASA Astrophysics Data System}
}

@ARTICLE{Almosallam:15b,
       author = {{Almosallam}, I.~A. and {Jarvis}, M.~J. and {Roberts}, S.~J.},
        title = {{GPz: Non-stationary Sparse Gaussian Processes for Heteroscedastic Uncertainty Estimation in Photometric Redshifts}},
      journal = {MNRAS},
archivePrefix = "arXiv",
       eprint = {1604.03593},
 primaryClass = "astro-ph.IM",
     keywords = {methods: data analysis, galaxies: distances and redshifts},
         year = 2016,
        month = oct,
       volume = 462,
        pages = {726-739},
          doi = {10.1093/mnras/stw1618},
       adsurl = {http://adsabs.harvard.edu/abs/2016MNRAS.462..726A},
      adsnote = {Provided by the SAO/NASA Astrophysics Data System}
}
@ARTICLE{Almosallam:16a,
   author = {{Almosallam}, I.~A. and {Lindsay}, S.~N. and {Jarvis}, M.~J. and
	{Roberts}, S.~J.},
    title = "{A sparse Gaussian process framework for photometric redshift estimation}",
  journal = {\mnras},
archivePrefix = "arXiv",
   eprint = {1505.05489},
 primaryClass = "astro-ph.IM",
 keywords = {methods: data analysis, galaxies: distances and redshifts},
     year = 2016,
    month = jan,
   volume = 455,
    pages = {2387-2401},
      doi = {10.1093/mnras/stv2425},
   adsurl = {http://adsabs.harvard.edu/abs/2016MNRAS.455.2387A},
  adsnote = {Provided by the SAO/NASA Astrophysics Data System}
}

@ARTICLE{Amaro:16,
author  	  = {Amaro, V. and Cavuoti, S. and Brescia, M. and Vellucci, C. and Tortora, C. and Longo, G.},
title   	  = {METAPHOR: Probability density estimation for machine learning based photometric redshifts},
journal 	  = {Proceedings of the International Astronomical Union},
year    	  = {2016},
volume  	  = {12},
number  	  = {S325},
pages         = {197-200},
doi           = {10.1017/S1743921317002186},
url           = {https://www.scopus.com/inward/record.uri?eid=2-s2.0-85019990235\&doi=10.1017%2fS1743921317002186\&partnerID=40\&md5=2b3449959ac7b0c950b6ef706a97b917},
issn          = {17439213},
document_type = {Conference Paper},
source        = {Scopus},
}


@ARTICLE{Arnouts:99,
   author = {{Arnouts}, S. and {Cristiani}, S. and {Moscardini}, L. and {Matarrese}, S. and
	{Lucchin}, F. and {Fontana}, A. and {Giallongo}, E.},
    title = "{Measuring and modelling the redshift evolution of clustering: the Hubble Deep Field North}",
  journal = {\mnras},
   eprint = {astro-ph/9902290},
 keywords = {GALAXIES: CLUSTERS: GENERAL, GALAXIES: PHOTOMETRY, COSMOLOGY: OBSERVATIONS, COSMOLOGY: THEORY, LARGE-SCALE STRUCTURE OF UNIVERSE},
     year = 1999,
    month = dec,
   volume = 310,
    pages = {540-556},
      doi = {10.1046/j.1365-8711.1999.02978.x},
   adsurl = {http://cdsads.u-strasbg.fr/abs/1999MNRAS.310..540A},
  adsnote = {Provided by the SAO/NASA Astrophysics Data System}
}

@article{Abbott:05,
      author         = "Abbott, T. and others",
      title          = "{The dark energy survey}",
      collaboration  = "DES",
      journal        = {preprint (arXiv:astro-ph/0510346)},
      year           = "2005",
      eprint         = "astro-ph/0510346",
      archivePrefix  = "arXiv",
      primaryClass   = "astro-ph",
      reportNumber   = "FERMILAB-PUB-05-656-A",
      SLACcitation   = "%%CITATION = ASTRO-PH/0510346;%%"
}

@ARTICLE{Abell:09,
   author = {{Abell}, P.~A. and {Allison}, J. and {Anderson}, S.~F. and {Andrew}, J.~R. and {Angel}, J.~R.~P. and {Armus}, L. and {Arnett}, D. and {Asztalos}, S.~J. and {Axelrod}, T.~S. and et al.},
    title = "{LSST Science Book, Version 2.0}",
  journal = {preprint (arXiv:0912.0201)},
archivePrefix = "arXiv",
   eprint = {0912.0201},
 primaryClass = "astro-ph.IM",
 keywords = {Astrophysics - Instrumentation and Methods for Astrophysics, Astrophysics - Cosmology and Extragalactic Astrophysics, Astrophysics - Earth and Planetary Astrophysics, Astrophysics - Galaxy Astrophysics, Astrophysics - Solar and Stellar Astrophysics},
     year = 2009,
    month = dec,
   adsurl = {http://adsabs.harvard.edu/abs/2009arXiv0912.0201L},
  adsnote = {Provided by the SAO/NASA Astrophysics Data System}
}

%%%%%%%%%%%%%%%%%B
@ARTICLE{Behroozi:13,
   author = {{Behroozi}, P.~S. and {Wechsler}, R.~H. and {Wu}, H.-Y.},
    title = "{The ROCKSTAR Phase-space Temporal Halo Finder and the Velocity Offsets of Cluster Cores}",
  journal = {\apj},
archivePrefix = "arXiv",
   eprint = {1110.4372},
primaryClass = "astro-ph.CO",
 keywords = {dark matter, methods: numerical},
     year = 2013,
    month = jan,
   volume = 762,
      eid = {109},
    pages = {109},
      doi = {10.1088/0004-637X/762/2/109},
   adsurl = {http://adsabs.harvard.edu/abs/2013ApJ...762..109B},
  adsnote = {Provided by the SAO/NASA Astrophysics Data System}
}

@ARTICLE{Benitez:00,
   author = {{Ben\'itez}, N.},
    title = "{Bayesian Photometric Redshift Estimation}",
  journal = {\apj},
   eprint = {astro-ph/9811189},
 keywords = {Galaxies: Distances and Redshifts, Galaxies: Photometry, Methods: Statistical},
     year = 2000,
    month = jun,
   volume = 536,
    pages = {571-583},
      doi = {10.1086/308947},
   adsurl = {http://adsabs.harvard.edu/abs/2000ApJ...536..571B},
  adsnote = {Provided by the SAO/NASA Astrophysics Data System}
}

@ARTICLE{Bernstein:10,
   author = {{Bernstein}, G. and {Huterer}, D.},
    title = "{Catastrophic photometric redshift errors: weak-lensing survey requirements}",
  journal = {\mnras},
archivePrefix = "arXiv",
   eprint = {0902.2782},
 primaryClass = "astro-ph.CO",
 keywords = {gravitational lensing},
     year = 2010,
    month = jan,
   volume = 401,
    pages = {1399-1408},
      doi = {10.1111/j.1365-2966.2009.15748.x},
   adsurl = {http://adsabs.harvard.edu/abs/2010MNRAS.401.1399B},
  adsnote = {Provided by the SAO/NASA Astrophysics Data System}
}



@ARTICLE{Biviano:13,
   author = {{Biviano}, A. and {Rosati}, P. and {Balestra}, I. and {Mercurio}, A. and
	{Girardi}, M. and {Nonino}, M. and {Grillo}, C. and {Scodeggio}, M. and
	{Lemze}, D. and {Kelson}, D. and {Umetsu}, K. and {Postman}, M. and
	{Zitrin}, A. and {Czoske}, O. and {Ettori}, S. and {Fritz}, A. and
	{Lombardi}, M. and {Maier}, C. and {Medezinski}, E. and {Mei}, S. and
	{Presotto}, V. and {Strazzullo}, V. and {Tozzi}, P. and {Ziegler}, B. and
	{Annunziatella}, M. and {Bartelmann}, M. and {Benitez}, N. and
	{Bradley}, L. and {Brescia}, M. and {Broadhurst}, T. and {Coe}, D. and
	{Demarco}, R. and {Donahue}, M. and {Ford}, H. and {Gobat}, R. and
	{Graves}, G. and {Koekemoer}, A. and {Kuchner}, U. and {Melchior}, P. and
	{Meneghetti}, M. and {Merten}, J. and {Moustakas}, L. and {Munari}, E. and
	{Reg{\H o}s}, E. and {Sartoris}, B. and {Seitz}, S. and {Zheng}, W.
	},
    title = "{CLASH-VLT: The mass, velocity-anisotropy, and pseudo-phase-space density profiles of the z = 0.44 galaxy cluster MACS J1206.2-0847}",
  journal = {\aap},
archivePrefix = "arXiv",
   eprint = {1307.5867},
 keywords = {galaxies: clusters: individual: MACS J1206-0847, galaxies: kinematics and dynamics, galaxies: evolution, dark matter},
     year = 2013,
    month = oct,
   volume = 558,
      eid = {A1},
    pages = {A1},
      doi = {10.1051/0004-6361/201321955},
   adsurl = {http://adsabs.harvard.edu/abs/2013A%26A...558A...1B},
  adsnote = {Provided by the SAO/NASA Astrophysics Data System}
}

@ARTICLE{Blanton:05,
   author = {{Blanton}, M.~R. and {Schlegel}, D.~J. and {Strauss}, M.~A. and
	{Brinkmann}, J. and {Finkbeiner}, D. and {Fukugita}, M. and
	{Gunn}, J.~E. and {Hogg}, D.~W. and {Ivezi{\'c}}, {\v Z}. and
	{Knapp}, G.~R. and {Lupton}, R.~H. and {Munn}, J.~A. and {Schneider}, D.~P. and
	{Tegmark}, M. and {Zehavi}, I.},
    title = "{New York University Value-Added Galaxy Catalog: A Galaxy Catalog Based on New Public Surveys}",
  journal = {\aj},
   eprint = {astro-ph/0410166},
 keywords = {Galaxies: Distances and Redshifts, Galaxies: Photometry, Galaxies: Statistics},
     year = 2005,
    month = jun,
   volume = 129,
    pages = {2562-2578},
      doi = {10.1086/429803},
   adsurl = {http://adsabs.harvard.edu/abs/2005AJ....129.2562B},
  adsnote = {Provided by the SAO/NASA Astrophysics Data System}
}



@ARTICLE{Blanton:07,
   author = {{Blanton}, M.~R. and {Roweis}, S.},
    title = "{K-Corrections and Filter Transformations in the Ultraviolet, Optical, and Near-Infrared}",
  journal = {\aj},
   eprint = {astro-ph/0606170},
 keywords = {galaxies: fundamental parameters, galaxies: photometry, galaxies: statistics},
     year = 2007,
    month = feb,
   volume = 133,
    pages = {734-754},
      doi = {10.1086/510127},
   adsurl = {http://adsabs.harvard.edu/abs/2007AJ....133..734B},
  adsnote = {Provided by the SAO/NASA Astrophysics Data System}
}

@article{Bonnett:15,
	title = {Using neural networks to estimate redshift distributions. {An} application to {CFHTLenS}},
	volume = {449},
	issn = {0035-8711, 1365-2966},
	url = {http://arxiv.org/abs/1312.1287},
	doi = {10.1093/mnras/stv230},
	number = {1},
	urldate = {2017-02-10},
	journal = {\mnras},
	author = {Bonnett, Christopher},
	month = may,
	year = {2015},
	note = {arXiv: 1312.1287},
	keywords = {Astrophysics - Cosmology and Nongalactic Astrophysics},
	pages = {1043--1056},
}

@ARTICLE{Bonnett:16,
   author = {{Bonnett}, C. and {Troxel}, M.~A. and {Hartley}, W. and {Amara}, A. and
	{Leistedt}, B. and {Becker}, M.~R. and {Bernstein}, G.~M. and
	{Bridle}, S.~L. and {Bruderer}, C. and {Busha}, M.~T. and {Carrasco Kind}, M. and
	{Childress}, M.~J. and {Castander}, F.~J. and {Chang}, C. and
	{Crocce}, M. and {Davis}, T.~M. and {Eifler}, T.~F. and {Frieman}, J. and
	{Gangkofner}, C. and {Gaztanaga}, E. and {Glazebrook}, K. and
	{Gruen}, D. and {Kacprzak}, T. and {King}, A. and {Kwan}, J. and
	{Lahav}, O. and {Lewis}, G. and {Lidman}, C. and {Lin}, H. and
	{MacCrann}, N. and {Miquel}, R. and {O'Neill}, C.~R. and {Palmese}, A. and
	{Peiris}, H.~V. and {Refregier}, A. and {Rozo}, E. and {Rykoff}, E.~S. and
	{Sadeh}, I. and {S{\'a}nchez}, C. and {Sheldon}, E. and {Uddin}, S. and
	{Wechsler}, R.~H. and {Zuntz}, J. and {Abbott}, T. and {Abdalla}, F.~B. and
	{Allam}, S. and {Armstrong}, R. and {Banerji}, M. and {Bauer}, A.~H. and
	{Benoit-L{\'e}vy}, A. and {Bertin}, E. and {Brooks}, D. and
	{Buckley-Geer}, E. and {Burke}, D.~L. and {Capozzi}, D. and
	{Carnero Rosell}, A. and {Carretero}, J. and {Cunha}, C.~E. and
	{D'Andrea}, C.~B. and {da Costa}, L.~N. and {DePoy}, D.~L. and
	{Desai}, S. and {Diehl}, H.~T. and {Dietrich}, J.~P. and {Doel}, P. and
	{Fausti Neto}, A. and {Fernandez}, E. and {Flaugher}, B. and
	{Fosalba}, P. and {Gerdes}, D.~W. and {Gruendl}, R.~A. and {Honscheid}, K. and
	{Jain}, B. and {James}, D.~J. and {Jarvis}, M. and {Kim}, A.~G. and
	{Kuehn}, K. and {Kuropatkin}, N. and {Li}, T.~S. and {Lima}, M. and
	{Maia}, M.~A.~G. and {March}, M. and {Marshall}, J.~L. and {Martini}, P. and
	{Melchior}, P. and {Miller}, C.~J. and {Neilsen}, E. and {Nichol}, R.~C. and
	{Nord}, B. and {Ogando}, R. and {Plazas}, A.~A. and {Reil}, K. and
	{Romer}, A.~K. and {Roodman}, A. and {Sako}, M. and {Sanchez}, E. and
	{Santiago}, B. and {Smith}, R.~C. and {Soares-Santos}, M. and
	{Sobreira}, F. and {Suchyta}, E. and {Swanson}, M.~E.~C. and
	{Tarle}, G. and {Thaler}, J. and {Thomas}, D. and {Vikram}, V. and
	{Walker}, A.~R. and {Dark Energy Survey Collaboration}},
    title = "{Redshift distributions of galaxies in the Dark Energy Survey Science Verification shear catalogue and implications for weak lensing}",
  journal = {\prd},
archivePrefix = "arXiv",
   eprint = {1507.05909},
     year = 2016,
    month = aug,
   volume = 94,
   number = 4,
      eid = {042005},
    pages = {042005},
      doi = {10.1103/PhysRevD.94.042005},
   adsurl = {http://adsabs.harvard.edu/abs/2016PhRvD..94d2005B},
  adsnote = {Provided by the SAO/NASA Astrophysics Data System}
}

@ARTICLE{Bordoloi:10,
   author = {{Bordoloi}, R. and {Lilly}, S.~J. and {Amara}, A.},
    title = "{Photo-z performance for precision cosmology}",
  journal = {\mnras},
archivePrefix = "arXiv",
   eprint = {0910.5735},
 keywords = {methods: statistical, galaxies: distances and redshifts, cosmology: observations},
     year = 2010,
    month = aug,
   volume = 406,
    pages = {881-895},
      doi = {10.1111/j.1365-2966.2010.16765.x},
   adsurl = {http://adsabs.harvard.edu/abs/2010MNRAS.406..881B},
  adsnote = {Provided by the SAO/NASA Astrophysics Data System}
}

@ARTICLE{Brammer:08,
   author = {{Brammer}, G.~B. and {van Dokkum}, P.~G. and {Coppi}, P.},
    title = "{EAZY: A Fast, Public Photometric Redshift Code}",
  journal = {\apj},
archivePrefix = "arXiv",
   eprint = {0807.1533},
 keywords = {cosmology: observations, galaxies: evolution, galaxies: formation },
     year = 2008,
    month = oct,
   volume = 686,
      eid = {1503-1513},
    pages = {1503-1513},
      doi = {10.1086/591786},
   adsurl = {http://adsabs.harvard.edu/abs/2008ApJ...686.1503B},
  adsnote = {Provided by the SAO/NASA Astrophysics Data System}
}

@ARTICLE{Brescia:18,
   author = {{Brescia}, M. and {Cavuoti}, S. and {Amaro}, V. and {Riccio}, G. and
	{Angora}, G. and {Vellucci}, C. and {Longo}, G.},
    title = "{The astronomical data deluge and the template case of photometric redshifts}",
  journal = {ArXiv e-prints},
archivePrefix = "arXiv",
   eprint = {1802.07683},
 primaryClass = "astro-ph.IM",
 keywords = {Astrophysics - Instrumentation and Methods for Astrophysics},
     year = 2018,
    month = feb,
   adsurl = {http://adsabs.harvard.edu/abs/2018arXiv180207683B},
  adsnote = {Provided by the SAO/NASA Astrophysics Data System}
}

@ARTICLE{Brescia:14,
author = {Brescia, M. and Cavuoti, S. and Longo, G. and De Stefano, V.},
title  = {A catalogue of photometric redshifts for the SDSS-DR9 galaxies (Research Note)},
journal = {\aap},
year    = {2014},
volume  = {568},
doi     = {10.1051/0004-6361/201424383},
art_number = {A126},
url     = {https://www.scopus.com/inward/record.uri?eid=2-s2.0-84906967558\&doi=10.1051%2f0004-6361%2f201424383\&partnerID=40\&md5=e5a76b202bb450375a2a1a25312dc15f},
issn    = {00046361},
coden   = {AAEJA},
document_type = {Article},
source  = {Scopus},
}

@ARTICLE{Brescia:13,
author = {Brescia, M. and Cavuoti, S. and D'Abrusco, R. and Longo, G. and Mercurio, A.},
title  = {Photometric redshifts for quasars in multi-band surveys},
journal = {\apj},
year   = {2013},
volume = {772},
number = {2},
doi    = {10.1088/0004-637X/772/2/140},
art_number = {140},
url    = {https://www.scopus.com/inward/record.uri?eid=2-s2.0-84880626684\&doi=10.1088%2f0004-637X%2f772%2f2%2f140\&partnerID=40\&md5=e3fc441a0a8ad0bfc109f0a389564eae},
issn   = {0004637X},
document_type = {Article},
source = {Scopus},
}

@book{Breiman:84,
	Address = {Belmont, California, U.S.A},
	Author = {Breiman, L. and Friedman, J. H. and Olshen, R. A. and Stone, C. J.},
	Date-Modified = {},
	Publisher = {Wadsworth Publishing Company},
	Series = {},
	Title = {Classification and Regression Trees, Statistics/Probability Series},
	Year = {1984}
}

@article{Brown:14,
  author={Michael J. I. Brown and John Moustakas and J.-D. T. Smith and Elisabete da Cunha and T. H. Jarrett and Masatoshi Imanishi and Lee Armus and Bernhard R. Brandl and J. E. G. Peek},
  title={An Atlas of Galaxy Spectral Energy Distributions from the Ultraviolet to the Mid-infrared},
  journal={The Astrophysical Journal Supplement Series},
  volume={212},
  number={2},
  pages={18},
  url={http://stacks.iop.org/0067-0049/212/i=2/a=18},
  year={2014},
}

%%%%%%%%%%%%%%%%%C
@ARTICLE{Carrascokind:14,
   author = {{Carrasco Kind}, M. and {Brunner}, R.~J.},
    title = "{Exhausting the information: novel Bayesian combination of photometric redshift PDFs}",
  journal = {\mnras},
archivePrefix = "arXiv",
   eprint = {1403.0044},
 keywords = {methods: data analysis, methods: statistical, surveys, galaxies: distances and redshifts, galaxies: statistics},
     year = 2014,
    month = aug,
   volume = 442,
    pages = {3380-3399},
      doi = {10.1093/mnras/stu1098},
   adsurl = {http://adsabs.harvard.edu/abs/2014MNRAS.442.3380C},
  adsnote = {Provided by the SAO/NASA Astrophysics Data System}
}

@article{Carrasco_Kind:13,
author = {Carrasco Kind, Matias and Brunner, Robert J.},
title = {TPZ: photometric redshift PDFs and ancillary information by using prediction trees and random forests},
journal = {MNRAS},
volume = {432},
number = {2},
pages = {1483-1501},
year = {2013},
doi = {10.1093/mnras/stt574},
URL = { + http://dx.doi.org/10.1093/mnras/stt574},
eprint = {/oup/backfile/content_public/journal/mnras/432/2/10.1093_mnras_stt574/1/stt574.pdf}
}


@ARTICLE{Cavuoti:15,
author = {Cavuoti, S. and Brescia, M. and De Stefano, V. and Longo, G.},
title  = {Photometric redshift estimation based on data mining with PhotoRApToR},
journal = {Exp. Astron.},
year   = {2015},
volume = {39},
number = {1},
pages  = {45-71},
doi    = {10.1007/s10686-015-9443-4},
url    = {https://www.scopus.com/inward/record.uri?eid=2-s2.0-84945301895\&doi=10.1007%2fs10686-015-9443-4\&partnerID=40\&md5=17c5a8e9a11300778e66692667f27faf},
issn   = {09226435},
document_type = {Article},
source = {Scopus},
}

@ARTICLE{Cavuoti:17,
author = {Cavuoti, S. and Amaro, V. and Brescia, M. and Vellucci, C. and Tortora, C. and Longo, G.},
title  = {METAPHOR: A machine-learning-based method for the probability density estimation of photometric redshifts},
journal = {\mnras},
year   = {2017},
volume = {465},
number = {2},
pages  = {1959-1973},
doi    = {10.1093/mnras/stw2930},
url    = {https://www.scopus.com/inward/record.uri?eid=2-s2.0-85019104552\&doi=10.1093%2fmnras%2fstw2930\&partnerID=40]&md5=bbb33e2976a06aaa6b76b5cefafb4f75},
issn  = {00358711},
coden = {MNRAA},
document_type = {Article},
source = {Scopus},
}

@ARTICLE{Cavuoti:17b,
author = {Cavuoti, S. and Tortora, C. and Brescia, M. and Longo, G. and Radovich, M. and Napolitano, N.R. and Amaro, V. and Vellucci, C. and La Barbera, F. and Getman, F. and Grado, A.},
title  = {A cooperative approach among methods for photometric redshifts estimation: An application to KiDS data},
journal = {\mnras},
year    = {2017},
volume  = {466},
number  = {2},
pages   = {2039-2053},
doi     = {10.1093/mnras/stw3208},
url     = {https://www.scopus.com/inward/record.uri?eid=2-s2.0-85019087826\&doi=10.1093%2fmnras%2fstw3208\&partnerID=40\&md5=acf6ee068fc42c2a223997af04f18a7c},
issn    = {00358711},
coden   = {MNRAA},
document_type = {Article},
source = {Scopus},
}

@inproceedings{Chen:16,
 author = {Chen, Tianqi and Guestrin, Carlos},
 title = {XGBoost: A Scalable Tree Boosting System},
 booktitle = {Proceedings of the 22Nd ACM SIGKDD International Conference on Knowledge Discovery and Data Mining},
 series = {KDD '16},
 year = {2016},
 isbn = {978-1-4503-4232-2},
 location = {San Francisco, California, USA},
 pages = {785--794},
 numpages = {10},
 url = {http://doi.acm.org/10.1145/2939672.2939785},
 doi = {10.1145/2939672.2939785},
 acmid = {2939785},
 publisher = {ACM},
 address = {New York, NY, USA},
 keywords = {large-scale machine learning},
}

%%%%%%%%%%%%%%%%%D

@ARTICLE{Dahlen:13,
   author = {{Dahlen}, T. and {Mobasher}, B. and {Faber}, S.~M. and {Ferguson}, H.~C. and
	{Barro}, G. and {Finkelstein}, S.~L. and {Finlator}, K. and
	{Fontana}, A. and {Gruetzbauch}, R. and {Johnson}, S. and {Pforr}, J. and
	{Salvato}, M. and {Wiklind}, T. and {Wuyts}, S. and {Acquaviva}, V. and
	{Dickinson}, M.~E. and {Guo}, Y. and {Huang}, J. and {Huang}, K.-H. and
	{Newman}, J.~A. and {Bell}, E.~F. and {Conselice}, C.~J. and
	{Galametz}, A. and {Gawiser}, E. and {Giavalisco}, M. and {Grogin}, N.~A. and
	{Hathi}, N. and {Kocevski}, D. and {Koekemoer}, A.~M. and {Koo}, D.~C. and
	{Lee}, K.-S. and {McGrath}, E.~J. and {Papovich}, C. and {Peth}, M. and
	{Ryan}, R. and {Somerville}, R. and {Weiner}, B. and {Wilson}, G.
	},
    title = "{A Critical Assessment of Photometric Redshift Methods: A CANDELS Investigation}",
  journal = {\apj},
archivePrefix = "arXiv",
   eprint = {1308.5353},
 keywords = {galaxies: distances and redshifts, galaxies: high-redshift, galaxies: photometry, surveys },
     year = 2013,
    month = oct,
   volume = 775,
      eid = {93},
    pages = {93},
      doi = {10.1088/0004-637X/775/2/93},
   adsurl = {http://adsabs.harvard.edu/abs/2013ApJ...775...93D},
  adsnote = {Provided by the SAO/NASA Astrophysics Data System}
}

@ARTICLE{Dawson:2016,
   author = {{Dawson}, W.~A. and {Schneider}, M.~D. and {Tyson}, J.~A. and
	{Jee}, M.~J.},
    title = "{The Ellipticity Distribution of Ambiguously Blended Objects}",
  journal = {\apj},
archivePrefix = "arXiv",
   eprint = {1406.1506},
 keywords = {cosmology: miscellaneous, galaxies: general, gravitational lensing: weak},
     year = 2016,
    month = jan,
   volume = 816,
      eid = {11},
    pages = {11},
      doi = {10.3847/0004-637X/816/1/11},
   adsurl = {http://adsabs.harvard.edu/abs/2016ApJ...816...11D},
  adsnote = {Provided by the SAO/NASA Astrophysics Data System}
}


@ARTICLE{de_Jong:17,
   author = {{de Jong}, J.~T.~A. and {Verdoes Kleijn}, G.~A. and {Erben}, T. and
	{Hildebrandt}, H. and {Kuijken}, K. and {Sikkema}, G. and {Brescia}, M. and
	{Bilicki}, M. and {Napolitano}, N.~R. and {Amaro}, V. and {Begeman}, K.~G. and
	{Boxhoorn}, D.~R. and {Buddelmeijer}, H. and {Cavuoti}, S. and
	{Getman}, F. and {Grado}, A. and {Helmich}, E. and {Huang}, Z. and
	{Irisarri}, N. and {La Barbera}, F. and {Longo}, G. and {McFarland}, J.~P. and
	{Nakajima}, R. and {Paolillo}, M. and {Puddu}, E. and {Radovich}, M. and
	{Rifatto}, A. and {Tortora}, C. and {Valentijn}, E.~A. and {Vellucci}, C. and
	{Vriend}, W. and {Amon}, A. and {Blake}, C. and {Choi}, A. and
	{Fenech Conti}, I. and {Herbonnet}, R. and {Heymans}, C. and
	{Hoekstra}, H. and {Klaes}, D. and {Merten}, J. and {Miller}, L. and
	{Schneider}, P. and {Viola}, M.},
    title = "{The third data release of the Kilo-Degree Survey and associated data products}",
  journal = {\aap},
  volume  = {604},
  pages   = {A134},
archivePrefix = "arXiv",
   eprint = {1703.02991},
 keywords = {Astrophysics - Astrophysics of Galaxies, Astrophysics - Cosmology and Nongalactic Astrophysics, Astrophysics - Instrumentation and Methods for Astrophysics},
     year = 2017,
    month = mar,
      doi = {10.1051/0004-6361/201730747},
   adsurl = {http://adsabs.harvard.edu/abs/2017arXiv170302991D},
  adsnote = {Provided by the SAO/NASA Astrophysics Data System}
}

@Article{de_Jong:13,
author ={{de Jong}, Jelte T. A. and Verdoes Kleijn, Gijs A. and Kuijken, Konrad H. and Valentijn, Edwin A.},
title = {The Kilo-Degree Survey},
journal = {Exp. Astron.},
year = 2013,
month = jan,
day = {01},
volume = {35},
number = {1},
pages = {25--44},
doi = {10.1007/s10686-012-9306-1},
url = {https://doi.org/10.1007/s10686-012-9306-1}
}
@ARTICLE{DeRose:19,
       author = {{DeRose}, Joseph and {Wechsler}, Risa H. and {Becker}, Matthew R. and
         {Busha}, Michael T. and {Rykoff}, Eli S. and {MacCrann}, Niall and
         {Erickson}, Brandon and {Evrard}, August E. and {Kravtsov}, Andrey and
         {Gruen}, Daniel and {Allam}, Sahar and {Avila}, Santiago and
         {Bridle}, Sarah and {Brooks}, David and {Buckley-Geer}, Elizabeth and
         {Carnero Rosell}, Aurelio and {Carrasco Kind}, Matias and
         {Carretero}, Jorge and {Castander}, Francisco J. and {Cawthon}, Ross and
         {Crocce}, Martin and {da Costa}, Luiz N. and {Davis}, Christopher and
         {De Vicente}, Juan and {Dietrich}, J{\"o}rg P. and {Doel}, Peter and
         {Drlica-Wagner}, Alex and {Fosalba}, Pablo and {Frieman}, Josh and
         {Garcia-Bellido}, Juan and {Gutierrez}, Gaston and {Hartley}, Will G. and
         {Hollowood}, Devon L. and {Hoyle}, Ben and {James}, David J. and
         {Krause}, Elisabeth and {Kuehn}, Kyler and {Kuropatkin}, Nikolay and
         {Lima}, Marcos and {Maia}, Marcio A.~G. and {Menanteau}, Felipe and
         {Miller}, Christopher J. and {Miquel}, Ramon and {Ogand
        o}, Ricardo L.~C. and {Plazas Malag{\'o}n}, Andr{\'e}s and
         {Romer}, A. Kathy and {Sanchez}, Eusebio and {Schindler}, Rafe and
         {Serrano}, Santiago and {Sevilla-Noarbe}, Ignacio and {Smith}, Mathew and
         {Suchyta}, Eric and {Swanson}, Molly E.~C. and {Tarle}, Gregory and
         {Vikram}, Vinu},
        title = "{The Buzzard Flock: Dark Energy Survey Synthetic Sky Catalogs}",
      journal = {arXiv e-prints},
     keywords = {Astrophysics - Cosmology and Nongalactic Astrophysics},
         year = "2019",
        month = "Jan",
          eid = {arXiv:1901.02401},
        pages = {arXiv:1901.02401},
archivePrefix = {arXiv},
       eprint = {1901.02401},
 primaryClass = {astro-ph.CO},
       adsurl = {https://ui.adsabs.harvard.edu/abs/2019arXiv190102401D},
      adsnote = {Provided by the SAO/NASA Astrophysics Data System}
}



@article{Duncan:18,
author = {{Duncan}, Kenneth J and {Jarvis}, Matt J and {Brown}, Michael J I and {R\"ottgering}, Huub J A},
title = {Photometric redshifts for the next generation of deep radio continuum surveys - II. Gaussian processes and hybrid estimates},
journal = {Monthly Notices of the Royal Astronomical Society},
volume = {},
number = {},
pages = {940},
year = {2018},
doi = {10.1093/mnras/sty940},
URL = {http://dx.doi.org/10.1093/mnras/sty940}
}

%%%%%%%%%%%%%%%%%E
@ARTICLE{Erben:2013,
   author = {{Erben}, T. and {Hildebrandt}, H. and {Miller}, L. and {van Waerbeke}, L. and 
	{Heymans}, C. and {Hoekstra}, H. and {Kitching}, T.~D. and {Mellier}, Y. and 
	{Benjamin}, J. and {Blake}, C. and {Bonnett}, C. and {Cordes}, O. and 
	{Coupon}, J. and {Fu}, L. and {Gavazzi}, R. and {Gillis}, B. and 
	{Grocutt}, E. and {Gwyn}, S.~D.~J. and {Holhjem}, K. and {Hudson}, M.~J. and 
	{Kilbinger}, M. and {Kuijken}, K. and {Milkeraitis}, M. and 
	{Rowe}, B.~T.~P. and {Schrabback}, T. and {Semboloni}, E. and 
	{Simon}, P. and {Smit}, M. and {Toader}, O. and {Vafaei}, S. and 
	{van Uitert}, E. and {Velander}, M.},
    title = "{CFHTLenS: the Canada-France-Hawaii Telescope Lensing Survey - imaging data and catalogue products}",
  journal = {\mnras},
archivePrefix = "arXiv",
   eprint = {1210.8156},
 keywords = {methods: data analysis, cosmology: observations},
     year = 2013,
    month = aug,
   volume = 433,
    pages = {2545-2563},
      doi = {10.1093/mnras/stt928},
   adsurl = {http://adsabs.harvard.edu/abs/2013MNRAS.433.2545E},
  adsnote = {Provided by the SAO/NASA Astrophysics Data System}
}



%%%%%%%%%%%%%%%%%F
@ARTICLE{Fernandezsoto:99,
   author = {{Fern{\'a}ndez-Soto}, A. and {Lanzetta}, K.~M. and {Yahil}, A.
	},
    title = "{A New Catalog of Photometric Redshifts in the Hubble Deep Field}",
  journal = {\apj},
   eprint = {astro-ph/9809126},
 keywords = {COSMOLOGY: OBSERVATIONS, GALAXIES: DISTANCES AND REDSHIFTS, GALAXIES: PHOTOMETRY, GALAXIES: STATISTICS, Cosmology: Observations, Galaxies: Distances and Redshifts, Galaxies: Photometry, Galaxies: Statistics},
     year = 1999,
    month = mar,
   volume = 513,
    pages = {34-50},
      doi = {10.1086/306847},
   adsurl = {http://adsabs.harvard.edu/abs/1999ApJ...513...34F},
  adsnote = {Provided by the SAO/NASA Astrophysics Data System}
}

@ARTICLE{Firth:03,
   author = {{Firth}, A.~E. and {Lahav}, O. and {Somerville}, R.~S.},
    title = "{Estimating photometric redshifts with artificial neural networks}",
  journal = {\mnras},
   eprint = {astro-ph/0203250},
 keywords = {methods: data analysis, surveys, galaxies: distances and redshifts},
     year = 2003,
    month = mar,
   volume = 339,
    pages = {1195-1202},
      doi = {10.1046/j.1365-8711.2003.06271.x},
   adsurl = {http://adsabs.harvard.edu/abs/2003MNRAS.339.1195F},
  adsnote = {Provided by the SAO/NASA Astrophysics Data System}
}

@ARTICLE{Freeman:17,
   author = {{Freeman}, P.~E. and {Izbicki}, R. and {Lee}, A.~B.},
    title = "{A unified framework for constructing, tuning and assessing photometric redshift density estimates in a selection bias setting}",
  journal = {\mnras},
archivePrefix = "arXiv",
   eprint = {1703.09242},
 primaryClass = "astro-ph.IM",
     year = 2017,
    month = jul,
   volume = 468,
    pages = {4556-4565},
      doi = {10.1093/mnras/stx764},
   adsurl = {http://adsabs.harvard.edu/abs/2017MNRAS.468.4556F},
  adsnote = {Provided by the SAO/NASA Astrophysics Data System}
}

%%%%%%%%%%%%%%%%%G
@ARTICLE{Goodfellow:14,
       author = {{Goodfellow}, Ian J. and {Pouget-Abadie}, Jean and {Mirza}, Mehdi and
         {Xu}, Bing and {Warde-Farley}, David and {Ozair}, Sherjil and
         {Courville}, Aaron and {Bengio}, Yoshua},
        title = "{Generative Adversarial Networks}",
      journal = {arXiv e-prints},
     keywords = {Statistics - Machine Learning, Computer Science - Machine Learning},
         year = "2014",
        month = "Jun",
          eid = {arXiv:1406.2661},
        pages = {arXiv:1406.2661},
archivePrefix = {arXiv},
       eprint = {1406.2661},
 primaryClass = {stat.ML},
       adsurl = {https://ui.adsabs.harvard.edu/abs/2014arXiv1406.2661G},
      adsnote = {Provided by the SAO/NASA Astrophysics Data System}
}

@ARTICLE{Graham:17,
   author = {{Graham}, M.~L. and {Connolly}, A.~J. and {Ivezi{\'c}}, {\v Z}. and
	{Schmidt}, S.~J. and {Jones}, R.~L. and {Juri{\'c}}, M. and
	{Daniel}, S.~F. and {Yoachim}, P.},
    title = "{Photometric Redshifts with the LSST: Evaluating Survey Observing Strategies}",
  journal = {\aj},
archivePrefix = "arXiv",
   eprint = {1706.09507},
 keywords = {cosmology: observations, galaxies: distances and redshifts, galaxies: photometry, techniques: photometric },
     year = 2018,
    month = jan,
   volume = 155,
      eid = {1},
    pages = {1},
      doi = {10.3847/1538-3881/aa99d4},
   adsurl = {http://adsabs.harvard.edu/abs/2018AJ....155....1G},
  adsnote = {Provided by the SAO/NASA Astrophysics Data System}
}


@article{Graff:14,
author = {Graff, Philip and Feroz, Farhan and Hobson, Michael P. and Lasenby, Anthony},
title = {SkyNet: an efficient and robust neural network training tool for machine learning in astronomy},
journal = {\mnras},
volume = {441},
number = {2},
pages = {1741-1759},
year = {2014},
doi = {10.1093/mnras/stu642},
URL = { + http://dx.doi.org/10.1093/mnras/stu642},
eprint = {/oup/backfile/content_public/journal/mnras/441/2/10.1093/mnras/stu642/2/stu642.pdf}
}

@ARTICLE{Green:12,
   author = {{Green}, J. and {Schechter}, P. and {Baltay}, C. and {Bean}, R. and {Bennett}, D. and {Brown}, R. and {Conselice}, C. and {Donahue}, M. and {Fan}, X. and {Gaudi}, B.~S. and {Hirata}, C. and {Kalirai}, J. and {Lauer}, T. and {Nichol}, B. and {Padmanabhan}, N. and {Perlmutter}, S. and {Rauscher}, B. and {Rhodes}, J. and {Roellig}, T. and {Stern}, D. and {Sumi}, T. and {Tanner}, A. and {Wang}, Y. and {Weinberg}, D. and {Wright}, E. and {Gehrels}, N. and {Sambruna}, R. and {Traub}, W. and {Anderson}, J. and {Cook}, K. and {Garnavich}, P. and {Hillenbrand}, L. and {Ivezic}, Z. and {Kerins}, E. and {Lunine}, J. and {McDonald}, P. and {Penny}, M. and {Phillips}, M. and {Rieke}, G. and {Riess}, A. and {van der Marel}, R. and {Barry}, R.~K. and {Cheng}, E. and {Content}, D. and {Cutri}, R. and {Goullioud}, R. and {Grady}, K. and {Helou}, G. and {Jackson}, C. and {Kruk}, J. and {Melton}, M. and {Peddie}, C. and {Rioux}, N. and {Seiffert}, M.},
    title = "{Wide-Field InfraRed Survey Telescope (WFIRST) Final Report}",
  journal = {preprint (arXiv:1208.4012)},
archivePrefix = "arXiv",
   eprint = {1208.4012},
 primaryClass = "astro-ph.IM",
 keywords = {Astrophysics - Instrumentation and Methods for Astrophysics},
     year = 2012,
    month = aug,
   adsurl = {http://adsabs.harvard.edu/abs/2012arXiv1208.4012G},
  adsnote = {Provided by the SAO/NASA Astrophysics Data System}
}

%%%%%%%%%%%%%%%%%H
@ARTICLE{Hildebrandt:10,
   author = {{Hildebrandt}, H. and {Arnouts}, S. and {Capak}, P. and {Moustakas}, L.~A. and
	{Wolf}, C. and {Abdalla}, F.~B. and {Assef}, R.~J. and {Banerji}, M. and
	{Ben{\'{\i}}tez}, N. and {Brammer}, G.~B. and {Budav{\'a}ri}, T. and
	{Carliles}, S. and {Coe}, D. and {Dahlen}, T. and {Feldmann}, R. and
	{Gerdes}, D. and {Gillis}, B. and {Ilbert}, O. and {Kotulla}, R. and
	{Lahav}, O. and {Li}, I.~H. and {Miralles}, J.-M. and {Purger}, N. and
	{Schmidt}, S. and {Singal}, J.},
    title = "{PHAT: PHoto-z Accuracy Testing}",
  journal = {\aap},
archivePrefix = "arXiv",
   eprint = {1008.0658},
 keywords = {techniques: photometric, galaxies: distances and redshifts, galaxies: photometry, cosmology: observations, methods: data analysis},
     year = 2010,
    month = nov,
   volume = 523,
      eid = {A31},
    pages = {A31},
      doi = {10.1051/0004-6361/201014885},
   adsurl = {http://adsabs.harvard.edu/abs/2010A%26A...523A..31H},
  adsnote = {Provided by the SAO/NASA Astrophysics Data System}
}

@ARTICLE{Hofmann:18,
   author = {{Hofmann}, B. and {Math{\'e}}, P.},
    title = "{Tikhonov regularization with oversmoothing penalty for non-linear ill-posed problems in Hilbert scales}",
  journal = {Inverse Problems},
archivePrefix = "arXiv",
   eprint = {1705.03289},
 primaryClass = "math.NA",
     year = 2018,
    month = jan,
   volume = 34,
   number = 1,
      eid = {015007},
    pages = {015007},
      doi = {10.1088/1361-6420/aa9b59},
   adsurl = {http://adsabs.harvard.edu/abs/2018InvPr..34a5007H},
  adsnote = {Provided by the SAO/NASA Astrophysics Data System}
}


%%%%%%%%%%%%%%%%%I
@ARTICLE{Ivezic:08,
   author = {{Ivezi\'c}, {\v Z} and {Tyson}, J.~A. and {Abel}, B. and {Acosta}, E. and
	{Allsman}, R. and {AlSayyad}, Y. and {Anderson}, S.~F. and {Andrew}, J. and
	{Angel}, R. and {Angeli}, G. and {Ansari}, R. and {Antilogus}, P. and
	{Arndt}, K.~T. and {Astier}, P. and {Aubourg}, E. and {Axelrod}, T. and
	{Bard}, D.~J. and {Barr}, J.~D. and {Barrau}, A. and {Bartlett}, J.~G. and
	{Bauman}, B.~J. and {Beaumont}, S. and {Becker}, A.~C. and {Becla}, J. and
	{Beldica}, C. and {Bellavia}, S. and {Blanc}, G. and {Blandford}, R.~D. and
	{Bloom}, J.~S. and {Bogart}, J. and {Borne}, K. and {Bosch}, J.~F. and
	{Boutigny}, D. and {Brandt}, W.~N. and {Brown}, M.~E. and {Bullock}, J.~S. and
	{Burchat}, P. and {Burke}, D.~L. and {Cagnoli}, G. and {Calabrese}, D. and
	{Chandrasekharan}, S. and {Chesley}, S. and {Cheu}, E.~C. and
	{Chiang}, J. and {Claver}, C.~F. and {Connolly}, A.~J. and {Cook}, K.~H. and
	{Cooray}, A. and {Covey}, K.~R. and {Cribbs}, C. and {Cui}, W. and
	{Cutri}, R. and {Daubard}, G. and {Daues}, G. and {Delgado}, F. and
	{Digel}, S. and {Doherty}, P. and {Dubois}, R. and {Dubois-Felsmann}, G.~P. and
	{Durech}, J. and {Eracleous}, M. and {Ferguson}, H. and {Frank}, J. and
	{Freemon}, M. and {Gangler}, E. and {Gawiser}, E. and {Geary}, J.~C. and
	{Gee}, P. and {Geha}, M. and {Gibson}, R.~R. and {Gilmore}, D.~K. and
	{Glanzman}, T. and {Goodenow}, I. and {Gressler}, W.~J. and
	{Gris}, P. and {Guyonnet}, A. and {Hascall}, P.~A. and {Haupt}, J. and
	{Hernandez}, F. and {Hogan}, C. and {Huang}, D. and {Huffer}, M.~E. and
	{Innes}, W.~R. and {Jacoby}, S.~H. and {Jain}, B. and {Jee}, J. and
	{Jernigan}, J.~G. and {Jevremovic}, D. and {Johns}, K. and {Jones}, R.~L. and
	{Juramy-Gilles}, C. and {Juric}, M. and {Kahn}, S.~M. and {Kalirai}, J.~S. and
	{Kallivayalil}, N. and {Kalmbach}, B. and {Kantor}, J.~P. and
	{Kasliwal}, M.~M. and {Kessler}, R. and {Kirkby}, D. and {Knox}, L. and
	{Kotov}, I. and {Krabbendam}, V.~L. and {Krughoff}, S. and {Kubanek}, P. and
	{Kuczewski}, J. and {Kulkarni}, S. and {Lambert}, R. and {Le Guillou}, L. and
	{Levine}, D. and {Liang}, M. and {Lim}, K. and {Lintott}, C. and
	{Lupton}, R.~H. and {Mahabal}, A. and {Marshall}, P. and {Marshall}, S. and
	{May}, M. and {McKercher}, R. and {Migliore}, M. and {Miller}, M. and
	{Mills}, D.~J. and {Monet}, D.~G. and {Moniez}, M. and {Neill}, D.~R. and
	{Nief}, J. and {Nomerotski}, A. and {Nordby}, M. and {O'Connor}, P. and
	{Oliver}, J. and {Olivier}, S.~S. and {Olsen}, K. and {Ortiz}, S. and
	{Owen}, R.~E. and {Pain}, R. and {Peterson}, J.~R. and {Petry}, C.~E. and
	{Pierfederici}, F. and {Pietrowicz}, S. and {Pike}, R. and {Pinto}, P.~A. and
	{Plante}, R. and {Plate}, S. and {Price}, P.~A. and {Prouza}, M. and
	{Radeka}, V. and {Rajagopal}, J. and {Rasmussen}, A. and {Regnault}, N. and
	{Ridgway}, S.~T. and {Ritz}, S. and {Rosing}, W. and {Roucelle}, C. and
	{Rumore}, M.~R. and {Russo}, S. and {Saha}, A. and {Sassolas}, B. and
	{Schalk}, T.~L. and {Schindler}, R.~H. and {Schneider}, D.~P. and
	{Schumacher}, G. and {Sebag}, J. and {Sembroski}, G.~H. and
	{Seppala}, L.~G. and {Shipsey}, I. and {Silvestri}, N. and {Smith}, J.~A. and
	{Smith}, R.~C. and {Strauss}, M.~A. and {Stubbs}, C.~W. and
	{Sweeney}, D. and {Szalay}, A. and {Takacs}, P. and {Thaler}, J.~J. and
	{Van Berg}, R. and {Vanden Berk}, D. and {Vetter}, K. and {Virieux}, F. and
	{Xin}, B. and {Walkowicz}, L. and {Walter}, C.~W. and {Wang}, D.~L. and
	{Warner}, M. and {Willman}, B. and {Wittman}, D. and {Wolff}, S.~C. and
	{Wood-Vasey}, W.~M. and {Yoachim}, P. and {Zhan}, H. and {for the LSST Collaboration}
	},
    title = "{LSST: from Science Drivers to Reference Design and Anticipated Data Products}",
  journal = {preprint (arXiv:0805.2366)},
archivePrefix = "arXiv",
   eprint = {0805.2366},
 keywords = {Astrophysics},
     year = 2008,
    month = may,
   adsurl = {http://adsabs.harvard.edu/abs/2008arXiv0805.2366I},
  adsnote = {Provided by the SAO/NASA Astrophysics Data System}
}

@ARTICLE{Ilbert:06,
   author = {{Ilbert}, O. and {Arnouts}, S. and {McCracken}, H.~J. and {Bolzonella}, M. and
	{Bertin}, E. and {Le F{\`e}vre}, O. and {Mellier}, Y. and {Zamorani}, G. and
	{Pell{\`o}}, R. and {Iovino}, A. and {Tresse}, L. and {Le Brun}, V. and
	{Bottini}, D. and {Garilli}, B. and {Maccagni}, D. and {Picat}, J.~P. and
	{Scaramella}, R. and {Scodeggio}, M. and {Vettolani}, G. and
	{Zanichelli}, A. and {Adami}, C. and {Bardelli}, S. and {Cappi}, A. and
	{Charlot}, S. and {Ciliegi}, P. and {Contini}, T. and {Cucciati}, O. and
	{Foucaud}, S. and {Franzetti}, P. and {Gavignaud}, I. and {Guzzo}, L. and
	{Marano}, B. and {Marinoni}, C. and {Mazure}, A. and {Meneux}, B. and
	{Merighi}, R. and {Paltani}, S. and {Pollo}, A. and {Pozzetti}, L. and
	{Radovich}, M. and {Zucca}, E. and {Bondi}, M. and {Bongiorno}, A. and
	{Busarello}, G. and {de La Torre}, S. and {Gregorini}, L. and
	{Lamareille}, F. and {Mathez}, G. and {Merluzzi}, P. and {Ripepi}, V. and
	{Rizzo}, D. and {Vergani}, D.},
    title = "{Accurate photometric redshifts for the CFHT legacy survey calibrated using the VIMOS VLT deep survey}",
  journal = {\aap},
   eprint = {astro-ph/0603217},
 keywords = {galaxies: distances and redshifts, galaxies: photometry, methods: data analysis},
     year = 2006,
    month = oct,
   volume = 457,
    pages = {841-856},
      doi = {10.1051/0004-6361:20065138},
   adsurl = {http://cdsads.u-strasbg.fr/abs/2006A%26A...457..841I},
  adsnote = {Provided by the SAO/NASA Astrophysics Data System}
}

@article{Izbicki:17,
author = "Izbicki, Rafael and Lee, Ann B.",
doi = "10.1214/17-EJS1302",
fjournal = "Electronic Journal of Statistics",
journal = "Electron. J. Statist.",
number = "2",
pages = "2800--2831",
publisher = "The Institute of Mathematical Statistics and the Bernoulli Society",
title = "Converting high-dimensional regression to high-dimensional conditional density estimation",
url = "https://doi.org/10.1214/17-EJS1302",
volume = "11",
month = "jul",
year = "2017"
}

@article{Izbicki:17b,
author = "Izbicki, Rafael and Lee, Ann B. and Freeman, Peter E.",
doi = "10.1214/16-AOAS1013",
fjournal = "The Annals of Applied Statistics",
journal = "Ann. Appl. Stat.",
month = "06",
number = "2",
pages = "698--724",
publisher = "The Institute of Mathematical Statistics",
title = "Photo-$z$ estimation: An example of nonparametric conditional density estimation under selection bias",
url = "https://doi.org/10.1214/16-AOAS1013",
volume = "11",
month = "jul",
year = "2017"
}

%%%%%%%%%%%%%%%%%J

%%%%%%%%%%%%%%%%%K

%%%%%%%%%%%%%%%%%L
@ARTICLE{Leistedt:17,
   author = {{Leistedt}, B. and {Hogg}, D.~W.},
    title = "{Data-driven, Interpretable Photometric Redshifts Trained on Heterogeneous and Unrepresentative Data}",
  journal = {\apj},
archivePrefix = "arXiv",
   eprint = {1612.00847},
 keywords = {galaxies: distances and redshifts, large-scale structure of universe, 98.62.Py, 98.80.Es},
     year = 2017,
    month = mar,
   volume = 838,
      eid = {5},
    pages = {5},
      doi = {10.3847/1538-4357/aa6332},
   adsurl = {http://adsabs.harvard.edu/abs/2017ApJ...838....5L},
  adsnote = {Provided by the SAO/NASA Astrophysics Data System}
}

@ARTICLE{Laigle:16,
  author={Laigle, C. and McCracken, H. J. and Ilbert, O. and Hsieh, B. C. and Davidzon, I. and Capak, P. and Hasinger, G. and Silverman, J. D. and Pichon, C. and Coupon, J. and Aussel, H. and Le Borgne, D. and Caputi, K. and Cassata, P. and Chang, Y.-Y. and Civano, F. and Dunlop, J. and Fynbo, J. and Kartaltepe, J. S. and Koekemoer, A. and Le Fevre, O. and Le Floc'h, E. and Leauthaud, A. and Lilly, S. and Lin, L. and Marchesi, S. and Milvang-Jensen, B. and Salvato, M. and Sanders, D. B. and Scoville, N. and Smolcic, V. and Stockmann, M. and Taniguchi, Y. and Tasca, L. and Toft, S. and Vaccari, Mattia and Zabl, J.},
  title={The COSMOS2015 Catalog: Exploring the 1 < z < 6 Universe with Half a Million Galaxies},
  journal={\apjs},
  volume={224},
  number={2},
  pages={24},
  url={http://stacks.iop.org/0067-0049/224/i=2/a=24},
  year={2016},
}

@ARTICLE{Laureijs:11,
   author = {{Laureijs}, R. and {Amiaux}, J. and {Arduini}, S. and {Augu{\`e}res}, J.~-. and {Brinchmann}, J. and {Cole}, R. and {Cropper}, M. and {Dabin}, C. and {Duvet}, L. and {Ealet}, A. and et al.},
    title = "{Euclid Definition Study Report}",
  journal = {preprint (1110.3193)},
archivePrefix = "arXiv",
   eprint = {1110.3193},
 primaryClass = "astro-ph.CO",
 keywords = {Astrophysics - Cosmology and Extragalactic Astrophysics, Astrophysics - Galaxy Astrophysics},
     year = 2011,
    month = oct,
   adsurl = {http://adsabs.harvard.edu/abs/2011arXiv1110.3193L},
  adsnote = {Provided by the SAO/NASA Astrophysics Data System}
}

%%%%%%%%%%%%%%%%%M
@ARTICLE{Malz:qp,
   author = {{Malz}, A. and {Marshall}, P. and {DeRose}, J. and {Graham}, M. and
	{Schmidt}, S. and {Wechsler}, R.},
    title = "{Approximating photo-$z$ PDFs for large surveys}",
  journal = {\aj, Accepted},
   eprint = {1806.00014},
 primaryClass = "astro-ph.IM",
 keywords = {Astrophysics - Instrumentation and Methods for Astrophysics},
     year = 2018,
    month = may,
   adsurl = {http://adsabs.harvard.edu/abs/2018arXiv180600014M},
  adsnote = {Provided by the SAO/NASA Astrophysics Data System}
}

@unpublished{Malz:chippr,
   author = {{Malz}, A.I. and {Hogg}, D.W.},
    title = "{CHIPPR}",
    note  = {chippr},
     year = {in prep.},
}

@ARTICLE{Madau:95,
   author = {{Madau}, P.},
    title = "{Radiative transfer in a clumpy universe: The colors of high-redshift galaxies}",
  journal = {\apj},
 keywords = {Color, Cosmology, Galactic Evolution, Lyman Spectra, Radiative Transfer, Red Shift, Universe, Absorption Spectra, Background Radiation, Resonance Scattering, Stochastic Processes, Ultraviolet Astronomy},
     year = 1995,
    month = mar,
   volume = 441,
    pages = {18-27},
      doi = {10.1086/175332},
   adsurl = {http://adsabs.harvard.edu/abs/1995ApJ...441...18M},
  adsnote = {Provided by the SAO/NASA Astrophysics Data System}
}

@ARTICLE{Maddox:08,
   author = {{Maddox}, N. and {Hewett}, P.~C. and {Warren}, S.~J. and {Croom}, S.~M.
	},
    title = "{Luminous K-band selected quasars from UKIDSS}",
  journal = {\mnras},
archivePrefix = "arXiv",
   eprint = {0802.3650},
 keywords = {surveys , quasars: general , infrared: general},
     year = 2008,
    month = may,
   volume = 386,
    pages = {1605-1624},
      doi = {10.1111/j.1365-2966.2008.13138.x},
   adsurl = {http://adsabs.harvard.edu/abs/2008MNRAS.386.1605M},
  adsnote = {Provided by the SAO/NASA Astrophysics Data System}
}

@ARTICLE{Mandelbaum:2008,
   author = {{Mandelbaum}, R. and {Seljak}, U. and {Hirata}, C.~M. and {Bardelli}, S. and
	{Bolzonella}, M. and {Bongiorno}, A. and {Carollo}, M. and {Contini}, T. and
	{Cunha}, C.~E. and {Garilli}, B. and {Iovino}, A. and {Kampczyk}, P. and
	{Kneib}, J.-P. and {Knobel}, C. and {Koo}, D.~C. and {Lamareille}, F. and
	{Le F{\`e}vre}, O. and {Le Borgne}, J.-F. and {Lilly}, S.~J. and
	{Maier}, C. and {Mainieri}, V. and {Mignoli}, M. and {Newman}, J.~A. and
	{Oesch}, P.~A. and {Perez-Montero}, E. and {Ricciardelli}, E. and
	{Scodeggio}, M. and {Silverman}, J. and {Tasca}, L.},
    title = "{Precision photometric redshift calibration for galaxy-galaxy weak lensing}",
  journal = {\mnras},
archivePrefix = "arXiv",
   eprint = {0709.1692},
 keywords = {gravitational lensing , galaxies: distances and redshifts},
     year = 2008,
    month = may,
   volume = 386,
    pages = {781-806},
      doi = {10.1111/j.1365-2966.2008.12947.x},
   adsurl = {http://adsabs.harvard.edu/abs/2008MNRAS.386..781M},
  adsnote = {Provided by the SAO/NASA Astrophysics Data System}
}

@ARTICLE{Mandelbaum:2018,
   author = {{The LSST Dark Energy Science Collaboration} and {Mandelbaum}, R. and 
	{Eifler}, T. and {Hlo{\v z}ek}, R. and {Collett}, T. and {Gawiser}, E. and 
	{Scolnic}, D. and {Alonso}, D. and {Awan}, H. and {Biswas}, R. and 
	{Blazek}, J. and {Burchat}, P. and {Chisari}, N.~E. and {Dell'Antonio}, I. and 
	{Digel}, S. and {Frieman}, J. and {Goldstein}, D.~A. and {Hook}, I. and 
	{Ivezi{\'c}}, {\v Z}. and {Kahn}, S.~M. and {Kamath}, S. and 
	{Kirkby}, D. and {Kitching}, T. and {Krause}, E. and {Leget}, P.-F. and 
	{Marshall}, P.~J. and {Meyers}, J. and {Miyatake}, H. and {Newman}, J.~A. and 
	{Nichol}, R. and {Rykoff}, E. and {Sanchez}, F.~J. and {Slosar}, A. and 
	{Sullivan}, M. and {Troxel}, M.~A.},
    title = "{The LSST Dark Energy Science Collaboration (DESC) Science Requirements Document}",
  journal = {ArXiv e-prints},
archivePrefix = "arXiv",
   eprint = {1809.01669},
 keywords = {Astrophysics - Cosmology and Nongalactic Astrophysics},
     year = 2018,
    month = sep,
   adsurl = {http://adsabs.harvard.edu/abs/2018arXiv180901669T},
  adsnote = {Provided by the SAO/NASA Astrophysics Data System}
}

@ARTICLE{Massarotti:2001,
   author = {{Massarotti}, M. and {Iovino}, A. and {Buzzoni}, A.},
    title = "{A critical appraisal of the SED fitting method to estimate photometric redshifts}",
  journal = {\aap},
   eprint = {astro-ph/0101445},
 keywords = {GALAXIES: DISTANCES AND REDSHIFTS, GALAXIES: EVOLUTION, INTERGALACTIC MEDIUM, DUST, EXTINCTION, METHODS: DATA ANALYSIS, TECHNIQUES: PHOTOMETRIC},
     year = 2001,
    month = mar,
   volume = 368,
    pages = {74-85},
      doi = {10.1051/0004-6361:20000553},
   adsurl = {http://adsabs.harvard.edu/abs/2001A%26A...368...74M},
  adsnote = {Provided by the SAO/NASA Astrophysics Data System}
}

@ARTICLE{Masters:2017,
   author = {{Masters}, D.~C. and {Stern}, D.~K. and {Cohen}, J.~G. and {Capak}, P.~L. and
	{Rhodes}, J.~D. and {Castander}, F.~J. and {Paltani}, S.},
    title = "{The Complete Calibration of the Color-Redshift Relation (C3R2) Survey: Survey Overview and Data Release 1}",
  journal = {\apj},
archivePrefix = "arXiv",
   eprint = {1704.06665},
 keywords = {astronomical databases: catalogs, astronomical databases: surveys, cosmology: observations, galaxies: distances and redshifts},
     year = 2017,
    month = jun,
   volume = 841,
      eid = {111},
    pages = {111},
      doi = {10.3847/1538-4357/aa6f08},
   adsurl = {http://adsabs.harvard.edu/abs/2017ApJ...841..111M},
  adsnote = {Provided by the SAO/NASA Astrophysics Data System}
}



%%%%%%%%%%%%%%%%%N
@ARTICLE{Newman:2008,
   author = {{Newman}, J.~A.},
    title = "{Calibrating Redshift Distributions beyond Spectroscopic Limits with Cross-Correlations}",
  journal = {\apj},
archivePrefix = "arXiv",
   eprint = {0805.1409},
 keywords = {galaxies: distances and redshifts, large-scale structure of universe, methods: miscellaneous, surveys},
     year = 2008,
    month = sep,
   volume = 684,
      eid = {88-101},
    pages = {88-101},
      doi = {10.1086/589982},
   adsurl = {http://adsabs.harvard.edu/abs/2008ApJ...684...88N},
  adsnote = {Provided by the SAO/NASA Astrophysics Data System}
}


@ARTICLE{Newman:2015,
   author = {{Newman}, J.~A. and {Abate}, A. and {Abdalla}, F.~B. and {Allam}, S. and
	{Allen}, S.~W. and {Ansari}, R. and {Bailey}, S. and {Barkhouse}, W.~A. and
	{Beers}, T.~C. and {Blanton}, M.~R. and {Brodwin}, M. and {Brownstein}, J.~R. and
	{Brunner}, R.~J. and {Carrasco Kind}, M. and {Cervantes-Cota}, J.~L. and
	{Cheu}, E. and {Chisari}, N.~E. and {Colless}, M. and {Comparat}, J. and
	{Coupon}, J. and {Cunha}, C.~E. and {de la Macorra}, A. and
	{Dell'Antonio}, I.~P. and {Frye}, B.~L. and {Gawiser}, E.~J. and
	{Gehrels}, N. and {Grady}, K. and {Hagen}, A. and {Hall}, P.~B. and
	{Hearin}, A.~P. and {Hildebrandt}, H. and {Hirata}, C.~M. and
	{Ho}, S. and {Honscheid}, K. and {Huterer}, D. and {Ivezi{\'c}}, {\v Z}. and
	{Kneib}, J.-P. and {Kruk}, J.~W. and {Lahav}, O. and {Mandelbaum}, R. and
	{Marshall}, J.~L. and {Matthews}, D.~J. and {M{\'e}nard}, B. and
	{Miquel}, R. and {Moniez}, M. and {Moos}, H.~W. and {Moustakas}, J. and
	{Myers}, A.~D. and {Papovich}, C. and {Peacock}, J.~A. and {Park}, C. and
	{Rahman}, M. and {Rhodes}, J. and {Ricol}, J.-S. and {Sadeh}, I. and
	{Slozar}, A. and {Schmidt}, S.~J. and {Stern}, D.~K. and {Anthony Tyson}, J. and
	{von der Linden}, A. and {Wechsler}, R.~H. and {Wood-Vasey}, W.~M. and
	{Zentner}, A.~R.},
    title = "{Spectroscopic needs for imaging dark energy experiments}",
  journal = {Astroparticle Physics},
archivePrefix = "arXiv",
   eprint = {1309.5384},
 keywords = {Cosmology, Dark energy, Surveys},
     year = 2015,
    month = mar,
   volume = 63,
    pages = {81-100},
      doi = {10.1016/j.astropartphys.2014.06.007},
   adsurl = {http://adsabs.harvard.edu/abs/2015APh....63...81N},
  adsnote = {Provided by the SAO/NASA Astrophysics Data System}
}


%%%%%%%%%%%%%%%%%O
@ARTICLE{Oyaizu:08,
   author = {{Oyaizu}, H. and {Lima}, M. and {Cunha}, C.~E. and {Lin}, H. and 
	{Frieman}, J.},
    title = "{Photometric Redshift Error Estimators}",
  journal = {\apj},
archivePrefix = "arXiv",
   eprint = {0711.0962},
 keywords = {galaxies: distances and redshifts, galaxies: photometry},
     year = 2008,
    month = dec,
   volume = 689,
    pages = {709-720},
      doi = {10.1086/592591},
   adsurl = {http://adsabs.harvard.edu/abs/2008ApJ...689..709O},
  adsnote = {Provided by the SAO/NASA Astrophysics Data System}
}



%%%%%%%%%%%%%%%%%P
@ARTICLE{Polsterer:16,
   author = {{Polsterer}, K.~L. and {D'Isanto}, A. and {Gieseke}, F.},
    title = "{Uncertain Photometric Redshifts}",
  journal = {preprint (arXiv:1608.08016)},
archivePrefix = "arXiv",
   eprint = {1608.08016},
 primaryClass = "astro-ph.IM",
 keywords = {Astrophysics - Instrumentation and Methods for Astrophysics, Astrophysics - Cosmology and Nongalactic Astrophysics},
     year = 2016,
    month = aug,
   adsurl = {http://adsabs.harvard.edu/abs/2016arXiv160808016P},
  adsnote = {Provided by the SAO/NASA Astrophysics Data System}
}

%%%%%%%%%%%%%%%%%Q

%%%%%%%%%%%%%%%%%R
@ARTICLE{Rau:2015,
   author = {{Rau}, M.~M. and {Seitz}, S. and {Brimioulle}, F. and {Frank}, E. and 
	{Friedrich}, O. and {Gruen}, D. and {Hoyle}, B.},
    title = "{Accurate photometric redshift probability density estimation - method comparison and application}",
  journal = {\mnras},
archivePrefix = "arXiv",
   eprint = {1503.08215},
 keywords = {catalogues, surveys, galaxies: distances and redshifts},
     year = 2015,
    month = oct,
   volume = 452,
    pages = {3710-3725},
      doi = {10.1093/mnras/stv1567},
   adsurl = {http://adsabs.harvard.edu/abs/2015MNRAS.452.3710R},
  adsnote = {Provided by the SAO/NASA Astrophysics Data System}
}

@ARTICLE{Reddick:13,
   author = {{Reddick}, R.~M. and {Wechsler}, R.~H. and {Tinker}, J.~L. and
	{Behroozi}, P.~S.},
    title = "{The Connection between Galaxies and Dark Matter Structures in the Local Universe}",
  journal = {\apj},
archivePrefix = "arXiv",
   eprint = {1207.2160},
 primaryClass = "astro-ph.CO",
 keywords = {dark matter, galaxies: formation, galaxies: groups: general, galaxies: halos, large-scale structure of universe, methods: statistical },
     year = 2013,
    month = jul,
   volume = 771,
      eid = {30},
    pages = {30},
      doi = {10.1088/0004-637X/771/1/30},
   adsurl = {http://adsabs.harvard.edu/abs/2013ApJ...771...30R},
  adsnote = {Provided by the SAO/NASA Astrophysics Data System}
}

@book{Rasmussen:06,
	Address = {Cambridge, MA},
	Author = {Rasmussen, C.E. and Williams, C.K.I.},
	Date-Modified = {2016-07-23 17:11:54 +0000},
	Publisher = {MIT Press},
	Series = {Adaptative computation and machine learning series},
	Title = {Gaussian Processes for Machine Learning},
	Year = {2006}
}

@ARTICLE{Riccio:17,
author = {Riccio, G. and Brescia, M. and Cavuoti, S. and Mercurio, A. and di Giorgio, A.M. and Molinari, S.},
title = {C3, A command-line catalog cross-match tool for large astrophysical catalogs},
journal = {PASP},
year = {2017},
volume = {129},
number = {972},
doi = {10.1088/1538-3873/129/972/024005},
art_number = {024005},
url = {https://www.scopus.com/inward/record.uri?eid=2-s2.0-85012033996\&doi=10.1088%2f1538-3873%2f129%2f972%2f024005\&partnerID=40\&md5=1c9183bcd527d27f7e5dd892e8af8cf0},
issn = {00046280},
document_type = {Article},
source = {Scopus},
}

%%%%%%%%%%%%%%%%%S
@ARTICLE{Sanchez:14,
   author = {{S{\'a}nchez}, C. and {Carrasco Kind}, M. and {Lin}, H. and
	{Miquel}, R. and {Abdalla}, F.~B. and {Amara}, A. and {Banerji}, M. and
	{Bonnett}, C. and {Brunner}, R. and {Capozzi}, D. and {Carnero}, A. and
	{Castander}, F.~J. and {da Costa}, L.~A.~N. and {Cunha}, C. and
	{Fausti}, A. and {Gerdes}, D. and {Greisel}, N. and {Gschwend}, J. and
	{Hartley}, W. and {Jouvel}, S. and {Lahav}, O. and {Lima}, M. and
	{Maia}, M.~A.~G. and {Mart{\'{\i}}}, P. and {Ogando}, R.~L.~C. and
	{Ostrovski}, F. and {Pellegrini}, P. and {Rau}, M.~M. and {Sadeh}, I. and
	{Seitz}, S. and {Sevilla-Noarbe}, I. and {Sypniewski}, A. and
	{de Vicente}, J. and {Abbot}, T. and {Allam}, S.~S. and {Atlee}, D. and
	{Bernstein}, G. and {Bernstein}, J.~P. and {Buckley-Geer}, E. and
	{Burke}, D. and {Childress}, M.~J. and {Davis}, T. and {DePoy}, D.~L. and
	{Dey}, A. and {Desai}, S. and {Diehl}, H.~T. and {Doel}, P. and
	{Estrada}, J. and {Evrard}, A. and {Fern{\'a}ndez}, E. and {Finley}, D. and
	{Flaugher}, B. and {Frieman}, J. and {Gaztanaga}, E. and {Glazebrook}, K. and
	{Honscheid}, K. and {Kim}, A. and {Kuehn}, K. and {Kuropatkin}, N. and
	{Lidman}, C. and {Makler}, M. and {Marshall}, J.~L. and {Nichol}, R.~C. and
	{Roodman}, A. and {S{\'a}nchez}, E. and {Santiago}, B.~X. and
	{Sako}, M. and {Scalzo}, R. and {Smith}, R.~C. and {Swanson}, M.~E.~C. and
	{Tarle}, G. and {Thomas}, D. and {Tucker}, D.~L. and {Uddin}, S.~A. and
	{Vald{\'e}s}, F. and {Walker}, A. and {Yuan}, F. and {Zuntz}, J.
	},
    title = "{Photometric redshift analysis in the Dark Energy Survey Science Verification data}",
  journal = {\mnras},
archivePrefix = "arXiv",
   eprint = {1406.4407},
 primaryClass = "astro-ph.IM",
 keywords = {Astronomical data bases: surveys, galaxies: distances and redshifts, galaxies: statistics, large-scale structure of Universe},
     year = 2014,
    month = dec,
   volume = 445,
    pages = {1482-1506},
      doi = {10.1093/mnras/stu1836},
   adsurl = {http://adsabs.harvard.edu/abs/2014MNRAS.445.1482S},
  adsnote = {Provided by the SAO/NASA Astrophysics Data System}
}

@ARTICLE{Sanchez:2018,
   author = {{S{\'a}nchez}, C. and {Bernstein}, G.~M.},
    title = "{Redshift inference from the combination of galaxy colors and clustering in a hierarchical Bayesian model}",
  journal = {ArXiv e-prints},
archivePrefix = "arXiv",
   eprint = {1807.11873},
 keywords = {Astrophysics - Cosmology and Nongalactic Astrophysics, Astrophysics - Instrumentation and Methods for Astrophysics},
     year = 2018,
    month = jul,
   adsurl = {http://adsabs.harvard.edu/abs/2018arXiv180711873S},
  adsnote = {Provided by the SAO/NASA Astrophysics Data System}
}


@article{Sadeh:16,
	title = {{ANNz}2: {Photometric} {Redshift} and {Probability} {Distribution} {Function} {Estimation} using {Machine} {Learning}},
	volume = {128},
	issn = {1538-3873},
	shorttitle = {{ANNz}2},
	url = {http://stacks.iop.org/1538-3873/128/i=968/a=104502},
	doi = {10.1088/1538-3873/128/968/104502},
	language = {en},
	number = {968},
	urldate = {2016-12-02},
	journal = {PASP},
	author = {Sadeh, I. and Abdalla, F. B. and Lahav, O.},
	year = {2016},
	pages = {104502}
}

@book{Scott:1992,
	author = "Scott, D. W.",
	year = 1992,
	title = "Multivariate Density Estimation. Theory, Practice, and Visualization",
	publisher = "Wiley"
}

@unpublished{Speagle:frankenz,
   author = {{Speagle}, J.},
    title = "{FRANKEN-Z}",
    note = {frankenz},
     year = {in prep.},
}

@article{Skrutskie:06,
  author = {M. F. Skrutskie and R. M. Cutri and R. Stiening and M. D. Weinberg and S. Schneider and J. M. Carpenter and C. Beichman and R. Capps and T. Chester and J. Elias and J. Huchra and J. Liebert and C. Lonsdale and D. G. Monet and S. Price and P. Seitzer and T. Jarrett and J. D. Kirkpatrick and J. E. Gizis and E. Howard and T. Evans and J. Fowler and L. Fullmer and R. Hurt and R. Light and E. L. Kopan and K. A. Marsh and H. L. McCallon and R. Tam and S. Van Dyk and S. Wheelock},
  title = {The Two Micron All Sky Survey (2MASS)},
  journal = {AJ},
  volume = {131},
  number = {2},
  pages = {1163},
  url = {http://stacks.iop.org/1538-3881/131/i=2/a=1163},
  year = {2006},
}

%%%%%%%%%%%%%%%%%T
@ARTICLE{Tanaka:17,
   author = {{Tanaka}, M. and {Coupon}, J. and {Hsieh}, B.-C. and {Mineo}, S. and 
	{Nishizawa}, A.~J. and {Speagle}, J. and {Furusawa}, H. and 
	{Miyazaki}, S. and {Murayama}, H.},
    title = "{Photometric redshifts for Hyper Suprime-Cam Subaru Strategic Program Data Release 1}",
  journal = {\pasj},
archivePrefix = "arXiv",
   eprint = {1704.05988},
 keywords = {cosmology: observations, galaxies: distances and redshifts, galaxies: general, surveys},
     year = 2018,
    month = jan,
   volume = 70,
      eid = {S9},
    pages = {S9},
      doi = {10.1093/pasj/psx077},
   adsurl = {http://adsabs.harvard.edu/abs/2018PASJ...70S...9T},
  adsnote = {Provided by the SAO/NASA Astrophysics Data System}
}

%%%%%%%%%%%%%%%%%U

%%%%%%%%%%%%%%%%%V

%%%%%%%%%%%%%%%%%W

%%%%%%%%%%%%%%%%%X

%%%%%%%%%%%%%%%%%Y
@article{York:00,
  author={Donald G. York and J. Adelman and John E. Anderson, Jr. and Scott F. Anderson and James Annis and Neta A. Bahcall and J. A. Bakken and Robert Barkhouser and Steven Bastian and Eileen Berman and William N. Boroski and Steve Bracker and Charlie Briegel and John W. Briggs and J. Brinkmann and Robert Brunner and Scott Burles and Larry Carey and Michael A. Carr and Francisco J. Castander and Bing Chen and Patrick L. Colestock and A. J. Connolly and J. H. Crocker and Istvan Csabai and Paul C. Czarapata and John Eric Davis and Mamoru Doi and Tom Dombeck and Daniel Eisenstein and Nancy Ellman and Brian R. Elms and Michael L. Evans and Xiaohui Fan and Glenn R. Federwitz and Larry Fiscelli and Scott Friedman and Joshua A. Frieman and Masataka Fukugita and Bruce Gillespie and James E. Gunn and Vijay K. Gurbani and Ernst de Haas and Merle Haldeman and Frederick H. Harris and J. Hayes and Timothy M. Heckman and G. S. Hennessy and Robert B. Hindsley and Scott Holm and Donald J. Holmgren and Chi-hao Huang and Charles Hull and Don Husby and Shin-Ichi Ichikawa and Takashi Ichikawa and Zeljko Ivezic and Stephen Kent and Rita S. J. Kim and E. Kinney and Mark Klaene and A. N. Kleinman and S. Kleinman and G. R. Knapp and John Korienek and Richard G. Kron and Peter Z. Kunszt and D. Q. Lamb and B. Lee and R. French Leger and Siriluk Limmongkol and Carl Lindenmeyer and Daniel C. Long and Craig Loomis and Jon Loveday and Rich Lucinio and Robert H. Lupton and Bryan MacKinnon and Edward J. Mannery and P. M. Mantsch and Bruce Margon and Peregrine McGehee and Timothy A. McKay and Avery Meiksin and Aronne Merelli and David G. Monet and Jeffrey A. Munn and Vijay K. Narayanan and Thomas Nash and Eric Neilsen and Rich Neswold and Heidi Jo Newberg and R. C. Nichol and Tom Nicinski and Mario Nonino and Norio Okada and Sadanori Okamura and Jeremiah P. Ostriker and Russell Owen and A. George Pauls and John Peoples and R. L. Peterson and Donald Petravick and Jeffrey R. Pier and Adrian Pope and Ruth Pordes and Angela Prosapio and Ron Rechenmacher and Thomas R. Quinn and Gordon T. Richards and Michael W. Richmond and Claudio H. Rivetta and Constance M. Rockosi and Kurt Ruthmansdorfer and Dale Sandford and David J. Schlegel and Donald P. Schneider and Maki Sekiguchi and Gary Sergey and Kazuhiro Shimasaku and Walter A. Siegmund and Stephen Smee and J. Allyn Smith and S. Snedden and R. Stone and Chris Stoughton and Michael A. Strauss and Christopher Stubbs and Mark SubbaRao and Alexander S. Szalay and Istvan Szapudi and Gyula P. Szokoly and Anirudda R. Thakar and Christy Tremonti and Douglas L. Tucker and Alan Uomoto and Dan Vanden Berk and Michael S. Vogeley and Patrick Waddell and Shu-i Wang and Masaru Watanabe and David H. Weinberg and Brian Yanny and Naoki Yasuda},
  title={The Sloan Digital Sky Survey: Technical Summary},
  journal={AJ},
  volume={120},
  number={3},
  pages={1579},
  url={http://stacks.iop.org/1538-3881/120/i=3/a=1579},
  year={2000},
}

@ARTICLE{Richards:15,
   author = {{Richards}, G.~T. and {Myers}, A.~D. and {Peters}, C.~M. and
	{Krawczyk}, C.~M. and {Chase}, G. and {Ross}, N.~P. and {Fan}, X. and
	{Jiang}, L. and {Lacy}, M. and {McGreer}, I.~D. and {Trump}, J.~R. and
	{Riegel}, R.~N.},
    title = "{Bayesian High-redshift Quasar Classification from Optical and Mid-IR Photometry}",
  journal = {\apjs},
archivePrefix = "arXiv",
   eprint = {1507.07788},
 keywords = {catalogs, infrared: galaxies, methods: statistical, quasars: general},
     year = 2015,
    month = aug,
   volume = 219,
      eid = {39},
    pages = {39},
      doi = {10.1088/0067-0049/219/2/39},
   adsurl = {http://adsabs.harvard.edu/abs/2015ApJS..219...39R},
  adsnote = {Provided by the SAO/NASA Astrophysics Data System}
}
@ARTICLE{Richards:06,
   author = {{Richards}, G.~T. and {Lacy}, M. and {Storrie-Lombardi}, L.~J. and
	{Hall}, P.~B. and {Gallagher}, S.~C. and {Hines}, D.~C. and
	{Fan}, X. and {Papovich}, C. and {Vanden Berk}, D.~E. and {Trammell}, G.~B. and
	{Schneider}, D.~P. and {Vestergaard}, M. and {York}, D.~G. and
	{Jester}, S. and {Anderson}, S.~F. and {Budav{\'a}ri}, T. and
	{Szalay}, A.~S.},
    title = "{Spectral Energy Distributions and Multiwavelength Selection of Type 1 Quasars}",
  journal = {\apjs},
   eprint = {astro-ph/0601558},
 keywords = {Catalogs, Galaxies: Active, Infrared: Galaxies, Galaxies: Quasars: General, Radio Continuum: Galaxies, Surveys, Ultraviolet: Galaxies, X-Rays: Galaxies},
     year = 2006,
    month = oct,
   volume = 166,
    pages = {470-497},
      doi = {10.1086/506525},
   adsurl = {http://adsabs.harvard.edu/abs/2006ApJS..166..470R},
  adsnote = {Provided by the SAO/NASA Astrophysics Data System}
}
@ARTICLE{Salvato:11,
   author = {{Salvato}, M. and {Ilbert}, O. and {Hasinger}, G. and {Rau}, A. and
	{Civano}, F. and {Zamorani}, G. and {Brusa}, M. and {Elvis}, M. and
	{Vignali}, C. and {Aussel}, H. and {Comastri}, A. and {Fiore}, F. and
	{Le Floc'h}, E. and {Mainieri}, V. and {Bardelli}, S. and {Bolzonella}, M. and
	{Bongiorno}, A. and {Capak}, P. and {Caputi}, K. and {Cappelluti}, N. and
	{Carollo}, C.~M. and {Contini}, T. and {Garilli}, B. and {Iovino}, A. and
	{Fotopoulou}, S. and {Fruscione}, A. and {Gilli}, R. and {Halliday}, C. and
	{Kneib}, J.-P. and {Kakazu}, Y. and {Kartaltepe}, J.~S. and
	{Koekemoer}, A.~M. and {Kovac}, K. and {Ideue}, Y. and {Ikeda}, H. and
	{Impey}, C.~D. and {Le Fevre}, O. and {Lamareille}, F. and {Lanzuisi}, G. and
	{Le Borgne}, J.-F. and {Le Brun}, V. and {Lilly}, S. and {Maier}, C. and
	{Manohar}, S. and {Masters}, D. and {McCracken}, H. and {Messias}, H. and
	{Mignoli}, M. and {Mobasher}, B. and {Nagao}, T. and {Pello}, R. and
	{Puccetti}, S. and {Perez-Montero}, E. and {Renzini}, A. and
	{Sargent}, M. and {Sanders}, D.~B. and {Scodeggio}, M. and {Scoville}, N. and
	{Shopbell}, P. and {Silvermann}, J. and {Taniguchi}, Y. and
	{Tasca}, L. and {Tresse}, L. and {Trump}, J.~R. and {Zucca}, E.
	},
    title = "{Dissecting Photometric Redshift for Active Galactic Nucleus Using XMM- and Chandra-COSMOS Samples}",
  journal = {\apj},
archivePrefix = "arXiv",
   eprint = {1108.6061},
 keywords = {galaxies: active, galaxies: distances and redshifts, methods: data analysis, surveys, techniques: photometric, X-rays: galaxies},
     year = 2011,
    month = dec,
   volume = 742,
      eid = {61},
    pages = {61},
      doi = {10.1088/0004-637X/742/2/61},
   adsurl = {http://adsabs.harvard.edu/abs/2011ApJ...742...61S},
  adsnote = {Provided by the SAO/NASA Astrophysics Data System}
}





%%%%%%%%%%%%%%%%%Z

%%%%SOFTWARE
@MISC{numpyscipy,
   author = {{Oliphant}, T.},
    title = "{Python for Scientific Computing}",
  journal = {Computing in Science \& Engineering},
     year = 2007,
    month = May,
   volume = 9,
    pages = {10-20},
      doi = {10.1109/MCSE.2007.58}
}

@MISC{matplotlib,
   author = {{Hunter}, J.~D.},
    title = "{Matplotlib: A 2D Graphics Environment}",
  journal = {Computing in Science \& Engineering},
     year = 2007,
    month = May,
   volume = 9,
    pages = {90-95},
      doi = {10.1109/MCSE.2007.55},
}

@MISC{seaborn,
    author = {{Waskom}, M. and {Botvinnik}, O. and {O\'Kane}, D. and {Hobson}, S.~L. and {Lukauskas}, S. and {Gemperline}, D. and {Vanderplas}, J. and {Qalieh}, A and {Fakey}, T. and {Fakey}, Y. and {Fakey}, X. and {Fakey}, W. and {Fakey}, T},
    year = 2017,
    month = July,
    version = {v0.8.0},
    doi = {10.5281/zenodo.824567},
}

@MISC{minfunc,
    author = {Mark Schmidt},
    title = {{minFunc: Unconstrained Differentiable Multivariate Optimization in Matlab}},
    howpublished = {\url{http://www.cs.ubc.ca/~schmidtm/Software/minFunc.html}},
    Year = {2005}
}

@INPROCEEDINGS{lsstphotutils,
   author = {{Connolly}, A.~J. and {Angeli}, G.~Z. and {Chandrasekharan}, S. and {Claver}, C.~F. and {Cook}, K. and {Ivezic}, Z. and {Jones}, R.~L. and   {Krughoff}, K.~S. and {Peng}, E.-H. and {Peterson}, J. and {Petry}, C. and    {Rasmussen}, A.~P. and {Ridgway}, S.~T. and {Saha}, A. and {Sembroski}, G. and    {vanderPlas}, J. and {Yoachim}, P.},
    title = "{An end-to-end simulation framework for the Large Synoptic Survey Telescope}",
    series = {Society of Photo-Optical Instrumentation Engineers (SPIE) Conference Series},
    booktitle = {Modeling, Systems Engineering, and Project Management for Astronomy VI},
    editor = {George Z. Angeli and Philippe Dierickx},
    year = 2014,
    volume = 9150,
    eid = {915014},
    pages = {14},
    doi = {10.1117/12.2054953},
    adsurl = {http://adsabs.harvard.edu/abs/2014SPIE.9150E..14C},
    adsnote = {Provided by the SAO/NASA Astrophysics Data System}
}

@MISC{pyskynet,
author={{Bonnett}, C.},
title="{Python wrapper to SkyNet}",
year = 2016,
url="https://pyskynet.readthedocs.io/en/latest/",
}
